<?xml version="1.0" encoding="UTF-8"?>
<!DOCTYPE html PUBLIC "-//W3C//DTD XHTML 1.0 Transitional//EN"
    "http://www.w3.org/TR/xhtml1/DTD/xhtml1-transitional.dtd">
<html xmlns="http://www.w3.org/1999/xhtml" xml:lang="en" lang="en">
 <head>
  <title>
</title>
<meta http-equiv="Content-Type" content="text/html;charset=utf-8" />
  <meta name='ocr-system' content='tesseract 3.04.00' />
  <meta name='ocr-capabilities' content='ocr_page ocr_carea ocr_par ocr_line ocrx_word'/>
</head>
<body>
  <div class='ocr_page' id='page_1' title='image "./depontificiainf00kenrgoog_0031.png"; bbox 0 0 3458 5232; ppageno 0'>
   <div class='ocr_carea' id='block_1_1' title="bbox 847 386 1023 459">
    <p class='ocr_par' dir='ltr' id='par_1_1' title="bbox 847 386 1023 459">
     <span class='ocr_line' id='line_1_1' title="bbox 847 386 1023 459; baseline -0.006 -20"><span class='ocrx_word' id='word_1_1' title='bbox 847 386 1023 459; x_wconf 44' lang='lat'>..244</span> 
     </span>
    </p>
   </div>
   <div class='ocr_carea' id='block_1_2' title="bbox 277 537 1517 2610">
    <p class='ocr_par' dir='ltr' id='par_1_2' title="bbox 277 537 1517 2610">
     <span class='ocr_line' id='line_1_2' title="bbox 352 537 1505 632; baseline -0.005 -18"><span class='ocrx_word' id='word_1_2' title='bbox 352 548 540 614; x_wconf 87' lang='lat' dir='ltr'>Praeterea</span> <span class='ocrx_word' id='word_1_3' title='bbox 554 542 584 608; x_wconf 89' lang='lat' dir='ltr'>si</span> <span class='ocrx_word' id='word_1_4' title='bbox 600 545 781 612; x_wconf 82' lang='lat' dir='ltr'>Romanus</span> <span class='ocrx_word' id='word_1_5' title='bbox 801 537 966 608; x_wconf 78' lang='lat' dir='ltr'>Pontifex</span> <span class='ocrx_word' id='word_1_6' title='bbox 980 545 1165 628; x_wconf 81' lang='lat' dir='ltr'><strong>tamquam</strong></span> <span class='ocrx_word' id='word_1_7' title='bbox 1189 557 1342 632; x_wconf 85' lang='lat' dir='ltr'>persona</span> <span class='ocrx_word' id='word_1_8' title='bbox 1364 539 1505 630; x_wconf 83' lang='lat' dir='ltr'>privata</span> 
     </span>
     <span class='ocr_line' id='line_1_3' title="bbox 351 647 1508 741; baseline -0.007 -17"><span class='ocrx_word' id='word_1_9' title='bbox 351 673 469 724; x_wconf 89' lang='lat' dir='ltr'>errare</span> <span class='ocrx_word' id='word_1_10' title='bbox 499 652 624 741; x_wconf 79' lang='lat' dir='ltr'>possit,</span> <span class='ocrx_word' id='word_1_11' title='bbox 651 656 687 719; x_wconf 89' lang='lat' dir='ltr'>et</span> <span class='ocrx_word' id='word_1_12' title='bbox 709 650 747 718; x_wconf 89' lang='lat' dir='ltr'>in</span> <span class='ocrx_word' id='word_1_13' title='bbox 770 648 947 718; x_wconf 81' lang='lat' dir='ltr'><strong>haeresim</strong></span> <span class='ocrx_word' id='word_1_14' title='bbox 969 647 1152 732; x_wconf 84' lang='lat' dir='ltr'>incidere,</span> <span class='ocrx_word' id='word_1_15' title='bbox 1179 669 1244 719; x_wconf 90' lang='lat' dir='ltr'>cur</span> <span class='ocrx_word' id='word_1_16' title='bbox 1266 647 1421 741; x_wconf 91' lang='lat' dir='ltr'>supponi</span> <span class='ocrx_word' id='word_1_17' title='bbox 1443 667 1508 716; x_wconf 87' lang='lat' dir='ltr'>ne-</span> 
     </span>
     <span class='ocr_line' id='line_1_4' title="bbox 354 760 1509 850; baseline -0.002 -20"><span class='ocrx_word' id='word_1_18' title='bbox 354 766 473 850; x_wconf 85' lang='lat' dir='ltr'>queat,</span> <span class='ocrx_word' id='word_1_19' title='bbox 492 781 576 829; x_wconf 92' lang='lat' dir='ltr'>eum</span> <span class='ocrx_word' id='word_1_20' title='bbox 587 760 764 830; x_wconf 85' lang='lat' dir='ltr'>haeresim</span> <span class='ocrx_word' id='word_1_21' title='bbox 776 780 880 828; x_wconf 89' lang='lat' dir='ltr'>suam</span> <span class='ocrx_word' id='word_1_22' title='bbox 890 765 1065 849; x_wconf 76' lang='lat' dir='ltr'><strong>tanquam</strong></span> <span class='ocrx_word' id='word_1_23' title='bbox 1076 781 1112 827; x_wconf 83' lang='lat' dir='ltr'>cc</span> <span class='ocrx_word' id='word_1_24' title='bbox 1126 762 1288 830; x_wconf 78' lang='lat' dir='ltr'>Oattcdra</span> <span class='ocrx_word' id='word_1_25' title='bbox 1300 760 1509 850; x_wconf 88' lang='lat' dir='ltr'>loquentem</span> 
     </span>
     <span class='ocr_line' id='line_1_5' title="bbox 356 869 1512 958; baseline 0 -20"><span class='ocrx_word' id='word_1_26' title='bbox 356 869 532 940; x_wconf 84' lang='lat' dir='ltr'>Ecclesiae</span> <span class='ocrx_word' id='word_1_27' title='bbox 549 869 741 941; x_wconf 83' lang='lat' dir='ltr'>obtrudere</span> <span class='ocrx_word' id='word_1_28' title='bbox 763 876 799 940; x_wconf 89' lang='lat' dir='ltr'>et</span> <span class='ocrx_word' id='word_1_29' title='bbox 813 889 916 958; x_wconf 91' lang='lat' dir='ltr'>posse</span> <span class='ocrx_word' id='word_1_30' title='bbox 932 871 1026 940; x_wconf 86' lang='lat' dir='ltr'>velle</span> <span class='ocrx_word' id='word_1_31' title='bbox 1050 878 1087 939; x_wconf 89' lang='lat' dir='ltr'>et</span> <span class='ocrx_word' id='word_1_32' title='bbox 1109 874 1297 940; x_wconf 89' lang='lat' dir='ltr'>attentare.</span> <span class='ocrx_word' id='word_1_33' title='bbox 1321 872 1401 940; x_wconf 91' lang='lat' dir='ltr'>Non</span> <span class='ocrx_word' id='word_1_34' title='bbox 1424 869 1512 940; x_wconf 87' lang='lat' dir='ltr'>licet</span> 
     </span>
     <span class='ocr_line' id='line_1_6' title="bbox 356 977 1508 1084; baseline -0.001 -36"><span class='ocrx_word' id='word_1_35' title='bbox 356 979 401 1048; x_wconf 89' lang='lat' dir='ltr'>ad</span> <span class='ocrx_word' id='word_1_36' title='bbox 424 977 675 1048; x_wconf 86' lang='lat' dir='ltr'>miraculosam</span> <span class='ocrx_word' id='word_1_37' title='bbox 698 980 891 1070; x_wconf 90' lang='lat' dir='ltr'>quamdam</span> <span class='ocrx_word' id='word_1_38' title='bbox 913 980 975 1050; x_wconf 90' lang='lat' dir='ltr'>Dei</span> <span class='ocrx_word' id='word_1_39' title='bbox 998 981 1302 1084; x_wconf 70' lang='lat' dir='ltr'>interpontionem</span> <span class='ocrx_word' id='word_1_40' title='bbox 1325 977 1508 1070; x_wconf 86' lang='lat' dir='ltr'>effugere,</span> 
     </span>
     <span class='ocr_line' id='line_1_7' title="bbox 358 1087 1457 1180; baseline -0.003 -22"><span class='ocrx_word' id='word_1_41' title='bbox 358 1089 456 1180; x_wconf 93' lang='lat' dir='ltr'>quod</span> <span class='ocrx_word' id='word_1_42' title='bbox 467 1088 600 1158; x_wconf 88' lang='lat' dir='ltr'>nimius</span> <span class='ocrx_word' id='word_1_43' title='bbox 616 1089 813 1158; x_wconf 89' lang='lat' dir='ltr'>ridiculum</span> <span class='ocrx_word' id='word_1_44' title='bbox 829 1094 884 1158; x_wconf 89' lang='lat' dir='ltr'>est</span> <span class='ocrx_word' id='word_1_45' title='bbox 897 1093 939 1156; x_wconf 92' lang='lat' dir='ltr'>ut</span> <span class='ocrx_word' id='word_1_46' title='bbox 952 1088 1044 1157; x_wconf 91' lang='lat' dir='ltr'>seria</span> <span class='ocrx_word' id='word_1_47' title='bbox 1055 1087 1270 1159; x_wconf 83' lang='lat' dir='ltr'>refutatione</span> <span class='ocrx_word' id='word_1_48' title='bbox 1283 1089 1457 1179; x_wconf 87' lang='lat' dir='ltr'>indigeat.</span> 
     </span>
     <span class='ocr_line' id='line_1_8' title="bbox 402 1197 1509 1289; baseline 0 -21"><span class='ocrx_word' id='word_1_49' title='bbox 402 1203 592 1272; x_wconf 85' lang='lat' dir='ltr'>Praeterea</span> <span class='ocrx_word' id='word_1_50' title='bbox 606 1198 645 1266; x_wconf 90' lang='lat' dir='ltr'>in</span> <span class='ocrx_word' id='word_1_51' title='bbox 661 1199 730 1266; x_wconf 89' lang='lat' dir='ltr'>ista</span> <span class='ocrx_word' id='word_1_52' title='bbox 746 1197 957 1268; x_wconf 88' lang='lat' dir='ltr'>definitione</span> <span class='ocrx_word' id='word_1_53' title='bbox 973 1198 1223 1289; x_wconf 80' lang='lat' dir='ltr'>Conceptionis</span> <span class='ocrx_word' id='word_1_54' title='bbox 1238 1200 1370 1270; x_wconf 91' lang='lat' dir='ltr'>Mariae</span> <span class='ocrx_word' id='word_1_55' title='bbox 1385 1204 1509 1270; x_wconf 83' lang='lat' dir='ltr'>Roma-</span> 
     </span>
     <span class='ocr_line' id='line_1_9' title="bbox 359 1307 1511 1399; baseline 0.003 -22"><span class='ocrx_word' id='word_1_56' title='bbox 359 1330 427 1390; x_wconf 85' lang='lat' dir='ltr'>nus</span> <span class='ocrx_word' id='word_1_57' title='bbox 444 1307 609 1376; x_wconf 83' lang='lat' dir='ltr'>Pontifex</span> <span class='ocrx_word' id='word_1_58' title='bbox 626 1329 700 1376; x_wconf 91' lang='lat' dir='ltr'>non</span> <span class='ocrx_word' id='word_1_59' title='bbox 725 1330 848 1378; x_wconf 89' lang='lat' dir='ltr'>omnes</span> <span class='ocrx_word' id='word_1_60' title='bbox 871 1309 941 1378; x_wconf 88' lang='lat' dir='ltr'>sibi</span> <span class='ocrx_word' id='word_1_61' title='bbox 964 1310 1156 1399; x_wconf 88' lang='lat' dir='ltr'>assumpsit</span> <span class='ocrx_word' id='word_1_62' title='bbox 1178 1315 1310 1399; x_wconf 90' lang='lat' dir='ltr'>partes;</span> <span class='ocrx_word' id='word_1_63' title='bbox 1336 1311 1410 1394; x_wconf 90' lang='lat' dir='ltr'>sed,</span> <span class='ocrx_word' id='word_1_64' title='bbox 1437 1331 1511 1380; x_wconf 88' lang='lat' dir='ltr'>sen·</span> 
     </span>
     <span class='ocr_line' id='line_1_10' title="bbox 359 1417 1508 1508; baseline 0.001 -21"><span class='ocrx_word' id='word_1_65' title='bbox 359 1418 483 1488; x_wconf 89' lang='lat' dir='ltr'>tentiis</span> <span class='ocrx_word' id='word_1_66' title='bbox 496 1418 745 1508; x_wconf 91' lang='lat' dir='ltr'>episcoporum</span> <span class='ocrx_word' id='word_1_67' title='bbox 758 1418 869 1488; x_wconf 90' lang='lat' dir='ltr'>totius</span> <span class='ocrx_word' id='word_1_68' title='bbox 887 1417 990 1486; x_wconf 83' lang='lat' dir='ltr'>Orbis</span> <span class='ocrx_word' id='word_1_69' title='bbox 1006 1417 1177 1486; x_wconf 84' lang='lat' dir='ltr'>Catholici</span> <span class='ocrx_word' id='word_1_70' title='bbox 1193 1419 1295 1508; x_wconf 91' lang='lat' dir='ltr'>prius</span> <span class='ocrx_word' id='word_1_71' title='bbox 1308 1419 1508 1508; x_wconf 77' lang='lat' dir='ltr'>exquisitio,</span> 
     </span>
     <span class='ocr_line' id='line_1_11' title="bbox 360 1528 1514 1619; baseline 0.002 -21"><span class='ocrx_word' id='word_1_72' title='bbox 360 1531 406 1598; x_wconf 90' lang='lat' dir='ltr'>ad</span> <span class='ocrx_word' id='word_1_73' title='bbox 433 1530 753 1619; x_wconf 86' lang='lat' dir='ltr'>proclamationem</span> <span class='ocrx_word' id='word_1_74' title='bbox 781 1529 867 1599; x_wconf 88' lang='lat' dir='ltr'>novi</span> <span class='ocrx_word' id='word_1_75' title='bbox 895 1528 1073 1618; x_wconf 87' lang='lat' dir='ltr'>dogmatis</span> <span class='ocrx_word' id='word_1_76' title='bbox 1093 1549 1172 1618; x_wconf 84' lang='lat' dir='ltr'>sese</span> <span class='ocrx_word' id='word_1_77' title='bbox 1195 1528 1362 1599; x_wconf 87' lang='lat' dir='ltr'>accinxit.</span> <span class='ocrx_word' id='word_1_78' title='bbox 1390 1531 1514 1600; x_wconf 88' lang='lat' dir='ltr'>Plures</span> 
     </span>
     <span class='ocr_line' id='line_1_12' title="bbox 361 1639 1513 1729; baseline 0.002 -21"><span class='ocrx_word' id='word_1_79' title='bbox 361 1639 471 1709; x_wconf 89' lang='lat' dir='ltr'>etiam</span> <span class='ocrx_word' id='word_1_80' title='bbox 486 1659 530 1708; x_wconf 89' lang='lat' dir='ltr'>ax</span> <span class='ocrx_word' id='word_1_81' title='bbox 540 1639 696 1722; x_wconf 61' lang='lat' dir='ltr'>„diversis</span> <span class='ocrx_word' id='word_1_82' title='bbox 712 1639 919 1708; x_wconf 89' lang='lat' dir='ltr'>nationibus</span> <span class='ocrx_word' id='word_1_83' title='bbox 935 1639 1121 1729; x_wconf 90' lang='lat' dir='ltr'>episcopos</span> <span class='ocrx_word' id='word_1_84' title='bbox 1138 1639 1319 1722; x_wconf 86' lang='lat' dir='ltr'>invitavit,</span> <span class='ocrx_word' id='word_1_85' title='bbox 1336 1645 1379 1708; x_wconf 91' lang='lat' dir='ltr'>ut</span> <span class='ocrx_word' id='word_1_86' title='bbox 1393 1640 1462 1709; x_wconf 89' lang='lat' dir='ltr'>sibi</span> <span class='ocrx_word' id='word_1_87' title='bbox 1475 1641 1513 1710; x_wconf 92' lang='lat' dir='ltr'>in</span> 
     </span>
     <span class='ocr_line' id='line_1_13' title="bbox 277 1747 1514 1840; baseline 0 -21"><span class='ocrx_word' id='word_1_88' title='bbox 277 1815 282 1826; x_wconf 90' lang='grc'>,</span> <span class='ocrx_word' id='word_1_89' title='bbox 361 1752 438 1840; x_wconf 93' lang='lat' dir='ltr'>ipso</span> <span class='ocrx_word' id='word_1_90' title='bbox 459 1747 679 1816; x_wconf 89' lang='lat' dir='ltr'>definitionis</span> <span class='ocrx_word' id='word_1_91' title='bbox 703 1753 786 1817; x_wconf 90' lang='lat' dir='ltr'>actu</span> <span class='ocrx_word' id='word_1_92' title='bbox 809 1750 931 1819; x_wconf 90' lang='lat' dir='ltr'>adesse</span> <span class='ocrx_word' id='word_1_93' title='bbox 955 1750 1101 1829; x_wconf 87' lang='lat' dir='ltr'>vellent;</span> <span class='ocrx_word' id='word_1_94' title='bbox 1127 1769 1282 1835; x_wconf 92' lang='lat' dir='ltr'>quorum</span> <span class='ocrx_word' id='word_1_95' title='bbox 1306 1751 1454 1820; x_wconf 88' lang='lat' dir='ltr'>nomina</span> <span class='ocrx_word' id='word_1_96' title='bbox 1476 1751 1514 1820; x_wconf 90' lang='lat' dir='ltr'>in</span> 
     </span>
     <span class='ocr_line' id='line_1_14' title="bbox 360 1856 1513 1949; baseline -0.003 -19"><span class='ocrx_word' id='word_1_97' title='bbox 360 1858 493 1930; x_wconf 92' lang='lat' dir='ltr'>tabulis</span> <span class='ocrx_word' id='word_1_98' title='bbox 518 1858 728 1928; x_wconf 89' lang='lat' dir='ltr'>marmoreis</span> <span class='ocrx_word' id='word_1_99' title='bbox 758 1859 939 1949; x_wconf 88' lang='lat' dir='ltr'>insculpta</span> <span class='ocrx_word' id='word_1_100' title='bbox 957 1913 965 1944; x_wconf 91' lang='lat'>,</span> <span class='ocrx_word' id='word_1_101' title='bbox 984 1859 1097 1949; x_wconf 92' lang='lat' dir='ltr'>ipsius</span> <span class='ocrx_word' id='word_1_102' title='bbox 1117 1856 1302 1925; x_wconf 89' lang='lat' dir='ltr'>Pontificis</span> <span class='ocrx_word' id='word_1_103' title='bbox 1323 1860 1450 1946; x_wconf 77' lang='lat' dir='ltr'>Jussu,</span> <span class='ocrx_word' id='word_1_104' title='bbox 1475 1861 1513 1927; x_wconf 92' lang='lat' dir='ltr'>in</span> 
     </span>
     <span class='ocr_line' id='line_1_15' title="bbox 362 1965 1514 2038; baseline -0.004 0"><span class='ocrx_word' id='word_1_105' title='bbox 362 1968 522 2038; x_wconf 87' lang='lat' dir='ltr'>Basilicis</span> <span class='ocrx_word' id='word_1_106' title='bbox 534 1968 708 2038; x_wconf 88' lang='lat' dir='ltr'>Vaticana</span> <span class='ocrx_word' id='word_1_107' title='bbox 731 1974 768 2038; x_wconf 90' lang='lat' dir='ltr'>et</span> <span class='ocrx_word' id='word_1_108' title='bbox 792 1967 945 2038; x_wconf 86' lang='lat' dir='ltr'>Ostiensi</span> <span class='ocrx_word' id='word_1_109' title='bbox 976 1968 1099 2038; x_wconf 86' lang='lat' dir='ltr'>videre</span> <span class='ocrx_word' id='word_1_110' title='bbox 1115 1967 1213 2035; x_wconf 89' lang='lat' dir='ltr'>licet.</span> <span class='ocrx_word' id='word_1_111' title='bbox 1239 1967 1333 2034; x_wconf 91' lang='lat' dir='ltr'>Haec</span> <span class='ocrx_word' id='word_1_112' title='bbox 1357 1987 1440 2035; x_wconf 91' lang='lat' dir='ltr'>cum</span> <span class='ocrx_word' id='word_1_113' title='bbox 1463 1965 1514 2034; x_wconf 90' lang='lat' dir='ltr'>ita</span> 
     </span>
     <span class='ocr_line' id='line_1_16' title="bbox 364 2075 1517 2168; baseline -0.005 -19"><span class='ocrx_word' id='word_1_114' title='bbox 364 2080 458 2163; x_wconf 90' lang='lat' dir='ltr'>sint,</span> <span class='ocrx_word' id='word_1_115' title='bbox 485 2080 635 2148; x_wconf 83' lang='lat' dir='ltr'>obvium</span> <span class='ocrx_word' id='word_1_116' title='bbox 658 2083 712 2147; x_wconf 89' lang='lat' dir='ltr'>est</span> <span class='ocrx_word' id='word_1_117' title='bbox 734 2077 834 2147; x_wconf 89' lang='lat' dir='ltr'>inter</span> <span class='ocrx_word' id='word_1_118' title='bbox 848 2075 1303 2166; x_wconf 82' lang='lat' dir='ltr'>utramquedefinitionem</span> <span class='ocrx_word' id='word_1_119' title='bbox 1327 2098 1435 2168; x_wconf 86' lang='lat' dir='ltr'>quam</span> <span class='ocrx_word' id='word_1_120' title='bbox 1447 2098 1517 2144; x_wconf 89' lang='lat' dir='ltr'>ma-</span> 
     </span>
     <span class='ocr_line' id='line_1_17' title="bbox 363 2183 1514 2274; baseline -0.003 -16"><span class='ocrx_word' id='word_1_121' title='bbox 363 2189 503 2259; x_wconf 90' lang='lat' dir='ltr'>ximum</span> <span class='ocrx_word' id='word_1_122' title='bbox 527 2188 720 2257; x_wconf 90' lang='lat' dir='ltr'>discrimen</span> <span class='ocrx_word' id='word_1_123' title='bbox 749 2186 999 2268; x_wconf 90' lang='lat' dir='ltr'>intercedere,</span> <span class='ocrx_word' id='word_1_124' title='bbox 1031 2191 1111 2254; x_wconf 92' lang='lat' dir='ltr'>tum</span> <span class='ocrx_word' id='word_1_125' title='bbox 1135 2183 1254 2274; x_wconf 93' lang='lat' dir='ltr'>quoad</span> <span class='ocrx_word' id='word_1_126' title='bbox 1277 2207 1354 2254; x_wconf 89' lang='lat' dir='ltr'>rem</span> <span class='ocrx_word' id='word_1_127' title='bbox 1377 2187 1514 2274; x_wconf 88' lang='lat' dir='ltr'>ipsam,</span> 
     </span>
     <span class='ocr_line' id='line_1_18' title="bbox 364 2296 1512 2388; baseline -0.005 -21"><span class='ocrx_word' id='word_1_128' title='bbox 364 2321 472 2388; x_wconf 89' lang='lat' dir='ltr'>quam</span> <span class='ocrx_word' id='word_1_129' title='bbox 488 2304 659 2386; x_wconf 90' lang='lat' dir='ltr'>tanquam</span> <span class='ocrx_word' id='word_1_130' title='bbox 675 2297 945 2382; x_wconf 86' lang='lat' dir='ltr'>lucarnationis,</span> <span class='ocrx_word' id='word_1_131' title='bbox 965 2304 1006 2368; x_wconf 89' lang='lat' dir='ltr'>ut</span> <span class='ocrx_word' id='word_1_132' title='bbox 1023 2296 1074 2366; x_wconf 87' lang='lat' dir='ltr'>ita</span> <span class='ocrx_word' id='word_1_133' title='bbox 1091 2297 1220 2380; x_wconf 90' lang='lat' dir='ltr'>dicam,</span> <span class='ocrx_word' id='word_1_134' title='bbox 1236 2297 1415 2385; x_wconf 89' lang='lat' dir='ltr'>sequelam</span> <span class='ocrx_word' id='word_1_135' title='bbox 1428 2317 1512 2362; x_wconf 88' lang='lat' dir='ltr'>non-</span> 
     </span>
     <span class='ocr_line' id='line_1_19' title="bbox 364 2409 1512 2500; baseline -0.005 -18"><span class='ocrx_word' id='word_1_136' title='bbox 364 2413 458 2482; x_wconf 89' lang='lat' dir='ltr'>nulli</span> <span class='ocrx_word' id='word_1_137' title='bbox 472 2413 674 2493; x_wconf 91' lang='lat' dir='ltr'>habebant;</span> <span class='ocrx_word' id='word_1_138' title='bbox 692 2431 801 2499; x_wconf 91' lang='lat' dir='ltr'>quam</span> <span class='ocrx_word' id='word_1_139' title='bbox 813 2411 906 2480; x_wconf 90' lang='lat' dir='ltr'>nulli</span> <span class='ocrx_word' id='word_1_140' title='bbox 919 2410 993 2500; x_wconf 88' lang='lat' dir='ltr'>juri</span> <span class='ocrx_word' id='word_1_141' title='bbox 1007 2431 1136 2480; x_wconf 90' lang='lat' dir='ltr'>nocere</span> <span class='ocrx_word' id='word_1_142' title='bbox 1151 2464 1159 2494; x_wconf 94' lang='lat'>,</span> <span class='ocrx_word' id='word_1_143' title='bbox 1177 2414 1278 2481; x_wconf 91' lang='lat' dir='ltr'>nulla</span> <span class='ocrx_word' id='word_1_144' title='bbox 1292 2409 1512 2480; x_wconf 82' lang='lat' dir='ltr'>incommoda</span> 
     </span>
     <span class='ocr_line' id='line_1_20' title="bbox 365 2521 1516 2610; baseline -0.003 -19"><span class='ocrx_word' id='word_1_145' title='bbox 365 2542 489 2594; x_wconf 87' lang='lat' dir='ltr'>secum</span> <span class='ocrx_word' id='word_1_146' title='bbox 504 2522 636 2592; x_wconf 89' lang='lat' dir='ltr'>habere</span> <span class='ocrx_word' id='word_1_147' title='bbox 648 2541 899 2610; x_wconf 90' lang='lat' dir='ltr'>posse,omnes</span> <span class='ocrx_word' id='word_1_148' title='bbox 915 2522 984 2590; x_wconf 91' lang='lat' dir='ltr'>sibi</span> <span class='ocrx_word' id='word_1_149' title='bbox 1003 2543 1222 2610; x_wconf 89' lang='lat' dir='ltr'>persuasere.</span> <span class='ocrx_word' id='word_1_150' title='bbox 1245 2525 1393 2594; x_wconf 89' lang='lat' dir='ltr'>Omnino</span> <span class='ocrx_word' id='word_1_151' title='bbox 1412 2521 1516 2590; x_wconf 87' lang='lat' dir='ltr'>aliter</span> 
     </span>
    </p>
   </div>
   <div class='ocr_carea' id='block_1_3' title="bbox 242 2615 1514 2722">
    <p class='ocr_par' dir='ltr' id='par_1_3' title="bbox 242 2615 1514 2722">
     <span class='ocr_line' id='line_1_21' title="bbox 242 2615 1514 2722; baseline -0.001 -21"><span class='ocrx_word' id='word_1_152' title='bbox 242 2712 245 2722; x_wconf 27' lang='lat'><strong>¹</strong></span> <span class='ocrx_word' id='word_1_153' title='bbox 366 2637 421 2701; x_wconf 90' lang='lat' dir='ltr'>est</span> <span class='ocrx_word' id='word_1_154' title='bbox 437 2631 481 2700; x_wconf 92' lang='lat' dir='ltr'>de</span> <span class='ocrx_word' id='word_1_155' title='bbox 497 2630 679 2720; x_wconf 91' lang='lat' dir='ltr'>proposito</span> <span class='ocrx_word' id='word_1_156' title='bbox 696 2630 864 2720; x_wconf 83' lang='lat' dir='ltr'>dogmate</span> <span class='ocrx_word' id='word_1_157' title='bbox 879 2630 1090 2699; x_wconf 91' lang='lat' dir='ltr'>Pontificiae</span> <span class='ocrx_word' id='word_1_158' title='bbox 1105 2631 1384 2715; x_wconf 89' lang='lat' dir='ltr'>Infallibilitatis,</span> <span class='ocrx_word' id='word_1_159' title='bbox 1402 2615 1450 2700; x_wconf 30' lang='lat' dir='ltr'>ut*</span> <span class='ocrx_word' id='word_1_160' title='bbox 1469 2651 1514 2700; x_wconf 83' lang='lat' dir='ltr'>ex</span> 
     </span>
    </p>
   </div>
   <div class='ocr_carea' id='block_1_4' title="bbox 288 2738 1569 3814">
    <p class='ocr_par' dir='ltr' id='par_1_4' title="bbox 288 2738 1569 3814">
     <span class='ocr_line' id='line_1_22' title="bbox 367 2738 1516 2826; baseline -0.003 -16"><span class='ocrx_word' id='word_1_161' title='bbox 367 2739 474 2812; x_wconf 83' lang='lat' dir='ltr'>dictis</span> <span class='ocrx_word' id='word_1_162' title='bbox 491 2738 724 2826; x_wconf 89' lang='lat' dir='ltr'>dicendisque</span> <span class='ocrx_word' id='word_1_163' title='bbox 741 2738 825 2807; x_wconf 92' lang='lat' dir='ltr'>satis</span> <span class='ocrx_word' id='word_1_164' title='bbox 844 2743 993 2807; x_wconf 89' lang='lat' dir='ltr'>constat.</span> <span class='ocrx_word' id='word_1_165' title='bbox 1013 2742 1103 2808; x_wconf 90' lang='lat' dir='ltr'>Nam</span> <span class='ocrx_word' id='word_1_166' title='bbox 1119 2739 1157 2807; x_wconf 89' lang='lat' dir='ltr'>in</span> <span class='ocrx_word' id='word_1_167' title='bbox 1173 2740 1383 2808; x_wconf 90' lang='lat' dir='ltr'>definitione</span> <span class='ocrx_word' id='word_1_168' title='bbox 1397 2739 1516 2808; x_wconf 91' lang='lat' dir='ltr'>Ponti·</span> 
     </span>
     <span class='ocr_line' id='line_1_23' title="bbox 366 2849 1520 2941; baseline 0.001 -22"><span class='ocrx_word' id='word_1_169' title='bbox 366 2851 469 2922; x_wconf 90' lang='lat' dir='ltr'>ficiae</span> <span class='ocrx_word' id='word_1_170' title='bbox 484 2849 767 2934; x_wconf 86' lang='lat' dir='ltr'>Infallibilitatis,</span> <span class='ocrx_word' id='word_1_171' title='bbox 782 2855 923 2939; x_wconf 89' lang='lat' dir='ltr'>praeter</span> <span class='ocrx_word' id='word_1_172' title='bbox 937 2850 1006 2919; x_wconf 89' lang='lat' dir='ltr'>ista</span> <span class='ocrx_word' id='word_1_173' title='bbox 1021 2851 1261 2936; x_wconf 90' lang='lat' dir='ltr'>incommoda,</span> <span class='ocrx_word' id='word_1_174' title='bbox 1275 2855 1377 2923; x_wconf 89' lang='lat' dir='ltr'>adest</span> <span class='ocrx_word' id='word_1_175' title='bbox 1382 2854 1520 2941; x_wconf 75' lang='lat' dir='ltr'>jurium</span> 
     </span>
     <span class='ocr_line' id='line_1_24' title="bbox 367 2943 1519 3052; baseline -0.003 -18"><span class='ocrx_word' id='word_1_176' title='bbox 367 2960 626 3052; x_wconf 81' lang='lat' dir='ltr'>episcopalium</span> <span class='ocrx_word' id='word_1_177' title='bbox 640 2959 748 3027; x_wconf 93' lang='lat' dir='ltr'>laesio</span> <span class='ocrx_word' id='word_1_178' title='bbox 765 2981 874 3047; x_wconf 91' lang='lat' dir='ltr'>quam</span> <span class='ocrx_word' id='word_1_179' title='bbox 892 2961 1059 3030; x_wconf 90' lang='lat' dir='ltr'>maxima.</span> <span class='ocrx_word' id='word_1_180' title='bbox 1086 2943 1226 3030; x_wconf 82' lang='lat' dir='ltr'>Iudices</span> <span class='ocrx_word' id='word_1_181' title='bbox 1250 2962 1333 3048; x_wconf 88' lang='lat' dir='ltr'>fidei</span> <span class='ocrx_word' id='word_1_182' title='bbox 1359 2963 1519 3052; x_wconf 87' lang='lat' dir='ltr'>episcopi</span> 
     </span>
     <span class='ocr_line' id='line_1_25' title="bbox 372 3069 1517 3161; baseline -0.002 -21"><span class='ocrx_word' id='word_1_183' title='bbox 372 3092 512 3161; x_wconf 90' lang='lat' dir='ltr'>semper</span> <span class='ocrx_word' id='word_1_184' title='bbox 528 3069 644 3138; x_wconf 91' lang='lat' dir='ltr'>habiti</span> <span class='ocrx_word' id='word_1_185' title='bbox 661 3075 757 3152; x_wconf 90' lang='lat' dir='ltr'>sunt,</span> <span class='ocrx_word' id='word_1_186' title='bbox 776 3091 903 3156; x_wconf 79' lang='lat' dir='ltr'>nonen</span> <span class='ocrx_word' id='word_1_187' title='bbox 919 3092 1025 3140; x_wconf 87' lang='lat' dir='ltr'>sensu</span> <span class='ocrx_word' id='word_1_188' title='bbox 1041 3071 1138 3158; x_wconf 89' lang='lat' dir='ltr'>quod</span> <span class='ocrx_word' id='word_1_189' title='bbox 1152 3070 1321 3140; x_wconf 86' lang='lat' dir='ltr'>Pontifici</span> <span class='ocrx_word' id='word_1_190' title='bbox 1337 3071 1517 3159; x_wconf 86' lang='lat' dir='ltr'>judicanti</span> 
     </span>
     <span class='ocr_line' id='line_1_26' title="bbox 371 3177 1521 3268; baseline -0.002 -18"><span class='ocrx_word' id='word_1_191' title='bbox 371 3199 564 3250; x_wconf 88' lang='lat' dir='ltr'>assessores</span> <span class='ocrx_word' id='word_1_192' title='bbox 581 3177 710 3261; x_wconf 90' lang='lat' dir='ltr'>adsint,</span> <span class='ocrx_word' id='word_1_193' title='bbox 728 3183 770 3246; x_wconf 87' lang='lat' dir='ltr'>ut</span> <span class='ocrx_word' id='word_1_194' title='bbox 782 3178 826 3248; x_wconf 87' lang='lat' dir='ltr'>da</span> <span class='ocrx_word' id='word_1_195' title='bbox 840 3179 1020 3267; x_wconf 86' lang='lat' dir='ltr'>Apostolis</span> <span class='ocrx_word' id='word_1_196' title='bbox 1034 3201 1116 3248; x_wconf 88' lang='lat' dir='ltr'>cum</span> <span class='ocrx_word' id='word_1_197' title='bbox 1128 3181 1265 3248; x_wconf 86' lang='lat' dir='ltr'>Christo</span> <span class='ocrx_word' id='word_1_198' title='bbox 1272 3181 1521 3268; x_wconf 87' lang='lat' dir='ltr'>judicantibus</span> 
     </span>
     <span class='ocr_line' id='line_1_27' title="bbox 288 3287 1522 3379; baseline 0.002 -27"><span class='ocrx_word' id='word_1_199' title='bbox 288 3344 290 3352; x_wconf 82' lang='grc'>,</span> <span class='ocrx_word' id='word_1_200' title='bbox 372 3291 510 3360; x_wconf 89' lang='lat' dir='ltr'>dietum</span> <span class='ocrx_word' id='word_1_201' title='bbox 527 3295 592 3370; x_wconf 90' lang='lat' dir='ltr'>est;</span> <span class='ocrx_word' id='word_1_202' title='bbox 610 3308 681 3377; x_wconf 93' lang='lat' dir='ltr'>quo</span> <span class='ocrx_word' id='word_1_203' title='bbox 696 3288 735 3355; x_wconf 93' lang='lat' dir='ltr'>in</span> <span class='ocrx_word' id='word_1_204' title='bbox 748 3288 827 3356; x_wconf 91' lang='lat' dir='ltr'>loco</span> <span class='ocrx_word' id='word_1_205' title='bbox 843 3308 971 3356; x_wconf 90' lang='lat' dir='ltr'>verum</span> <span class='ocrx_word' id='word_1_206' title='bbox 988 3287 1166 3376; x_wconf 88' lang='lat' dir='ltr'>judicium</span> <span class='ocrx_word' id='word_1_207' title='bbox 1189 3289 1346 3379; x_wconf 90' lang='lat' dir='ltr'>intelligi</span> <span class='ocrx_word' id='word_1_208' title='bbox 1369 3289 1522 3377; x_wconf 92' lang='lat' dir='ltr'>nequit,</span> 
     </span>
     <span class='ocr_line' id='line_1_28' title="bbox 372 3394 1569 3486; baseline -0.003 -20"><span class='ocrx_word' id='word_1_209' title='bbox 372 3399 436 3467; x_wconf 89' lang='lat' dir='ltr'>sed</span> <span class='ocrx_word' id='word_1_210' title='bbox 452 3395 615 3486; x_wconf 86' lang='lat' dir='ltr'>probatio</span> <span class='ocrx_word' id='word_1_211' title='bbox 629 3394 759 3484; x_wconf 90' lang='lat' dir='ltr'>judicii</span> <span class='ocrx_word' id='word_1_212' title='bbox 778 3395 980 3478; x_wconf 84' lang='lat' dir='ltr'>Salvatoris,</span> <span class='ocrx_word' id='word_1_213' title='bbox 999 3394 1063 3482; x_wconf 90' lang='lat' dir='ltr'>qui</span> <span class='ocrx_word' id='word_1_214' title='bbox 1092 3397 1188 3462; x_wconf 89' lang='lat' dir='ltr'>solus</span> <span class='ocrx_word' id='word_1_215' title='bbox 1208 3396 1320 3483; x_wconf 85' lang='lat' dir='ltr'>judex</span> <span class='ocrx_word' id='word_1_216' title='bbox 1342 3401 1396 3464; x_wconf 90' lang='lat' dir='ltr'>est</span> <span class='ocrx_word' id='word_1_217' title='bbox 1421 3397 1524 3467; x_wconf 83' lang='lat' dir='ltr'>vivo·</span> <span class='ocrx_word' id='word_1_218' title='bbox 1566 3447 1569 3454; x_wconf 83' lang='lat'>.</span> 
     </span>
     <span class='ocr_line' id='line_1_29' title="bbox 372 3503 1521 3586; baseline -0.002 -13"><span class='ocrx_word' id='word_1_219' title='bbox 372 3528 454 3575; x_wconf 87' lang='lat' dir='ltr'>rum</span> <span class='ocrx_word' id='word_1_220' title='bbox 469 3511 506 3575; x_wconf 90' lang='lat' dir='ltr'>et</span> <span class='ocrx_word' id='word_1_221' title='bbox 517 3511 753 3574; x_wconf 90' lang='lat' dir='ltr'>mortuorum.</span> <span class='ocrx_word' id='word_1_222' title='bbox 763 3503 799 3573; x_wconf 88' lang='lat' dir='ltr'>Si</span> <span class='ocrx_word' id='word_1_223' title='bbox 815 3509 936 3574; x_wconf 91' lang='lat' dir='ltr'>autem</span> <span class='ocrx_word' id='word_1_224' title='bbox 943 3503 1108 3572; x_wconf 85' lang='lat' dir='ltr'>Pontifex</span> <span class='ocrx_word' id='word_1_225' title='bbox 1124 3528 1154 3571; x_wconf 83' lang='lat' dir='ltr'>se</span> <span class='ocrx_word' id='word_1_226' title='bbox 1167 3507 1234 3570; x_wconf 84' lang='lat' dir='ltr'>solo</span> <span class='ocrx_word' id='word_1_227' title='bbox 1250 3504 1448 3574; x_wconf 89' lang='lat' dir='ltr'>infallibilis</span> <span class='ocrx_word' id='word_1_228' title='bbox 1461 3505 1521 3586; x_wconf 88' lang='lat' dir='ltr'>sit,</span> 
     </span>
     <span class='ocr_line' id='line_1_30' title="bbox 373 3613 1526 3705; baseline -0.004 -19"><span class='ocrx_word' id='word_1_229' title='bbox 373 3613 533 3705; x_wconf 89' lang='lat' dir='ltr'>episcopi</span> <span class='ocrx_word' id='word_1_230' title='bbox 550 3617 583 3684; x_wconf 92' lang='lat' dir='ltr'>ei</span> <span class='ocrx_word' id='word_1_231' title='bbox 602 3614 782 3703; x_wconf 87' lang='lat' dir='ltr'>judicanti</span> <span class='ocrx_word' id='word_1_232' title='bbox 804 3613 969 3683; x_wconf 89' lang='lat' dir='ltr'>assentiri</span> <span class='ocrx_word' id='word_1_233' title='bbox 991 3618 1174 3702; x_wconf 90' lang='lat' dir='ltr'>poterunt;</span> <span class='ocrx_word' id='word_1_234' title='bbox 1199 3615 1261 3684; x_wconf 89' lang='lat' dir='ltr'>sed</span> <span class='ocrx_word' id='word_1_235' title='bbox 1282 3635 1409 3684; x_wconf 88' lang='lat' dir='ltr'>verum</span> <span class='ocrx_word' id='word_1_236' title='bbox 1430 3613 1526 3701; x_wconf 89' lang='lat' dir='ltr'>judi-</span> 
     </span>
     <span class='ocr_line' id='line_1_31' title="bbox 375 3723 1526 3814; baseline -0.005 -18"><span class='ocrx_word' id='word_1_237' title='bbox 375 3727 472 3796; x_wconf 88' lang='lat' dir='ltr'>cium</span> <span class='ocrx_word' id='word_1_238' title='bbox 488 3748 561 3795; x_wconf 92' lang='lat' dir='ltr'>non</span> <span class='ocrx_word' id='word_1_239' title='bbox 584 3728 813 3795; x_wconf 91' lang='lat' dir='ltr'>exercebunt:</span> <span class='ocrx_word' id='word_1_240' title='bbox 831 3725 1053 3814; x_wconf 90' lang='lat' dir='ltr'>proindeque</span> <span class='ocrx_word' id='word_1_241' title='bbox 1072 3726 1152 3812; x_wconf 86' lang='lat' dir='ltr'>jure</span> <span class='ocrx_word' id='word_1_242' title='bbox 1167 3725 1308 3794; x_wconf 92' lang='lat' dir='ltr'>muneri</span> <span class='ocrx_word' id='word_1_243' title='bbox 1332 3723 1526 3814; x_wconf 91' lang='lat' dir='ltr'>episcopali</span> 
     </span>
    </p>
   </div>
   <div class='ocr_carea' id='block_1_5' title="bbox 375 3831 1650 3926">
    <p class='ocr_par' dir='ltr' id='par_1_5' title="bbox 375 3831 1650 3926">
     <span class='ocr_line' id='line_1_32' title="bbox 375 3831 1650 3926; baseline -0.005 -18"><span class='ocrx_word' id='word_1_244' title='bbox 375 3857 514 3908; x_wconf 85' lang='lat' dir='ltr'>annexu</span> <span class='ocrx_word' id='word_1_245' title='bbox 530 3836 782 3926; x_wconf 81' lang='lat' dir='ltr'>privabuntur.</span> <span class='ocrx_word' id='word_1_246' title='bbox 798 3835 841 3904; x_wconf 88' lang='lat' dir='ltr'>Se</span> <span class='ocrx_word' id='word_1_247' title='bbox 856 3834 952 3924; x_wconf 91' lang='lat' dir='ltr'>ipsos</span> <span class='ocrx_word' id='word_1_248' title='bbox 969 3839 1090 3904; x_wconf 90' lang='lat' dir='ltr'>autem</span> <span class='ocrx_word' id='word_1_249' title='bbox 1105 3835 1173 3904; x_wconf 92' lang='lat' dir='ltr'>hoc</span> <span class='ocrx_word' id='word_1_250' title='bbox 1184 3837 1266 3924; x_wconf 83' lang='lat' dir='ltr'>jure</span> <span class='ocrx_word' id='word_1_251' title='bbox 1282 3855 1412 3904; x_wconf 90' lang='lat' dir='ltr'>exuere</span> <span class='ocrx_word' id='word_1_252' title='bbox 1436 3834 1526 3904; x_wconf 90' lang='lat' dir='ltr'>NON</span> <span class='ocrx_word' id='word_1_253' title='bbox 1644 3831 1650 3858; x_wconf 89' lang='lat'><em>&#39;</em></span> 
     </span>
    </p>
   </div>
   <div class='ocr_carea' id='block_1_6' title="bbox 373 3939 1527 4145">
    <p class='ocr_par' dir='ltr' id='par_1_6' title="bbox 373 3939 1527 4145">
     <span class='ocr_line' id='line_1_33' title="bbox 373 3939 1527 4032; baseline -0.004 -20"><span class='ocrx_word' id='word_1_254' title='bbox 373 3945 573 4028; x_wconf 83' lang='lat' dir='ltr'>POSSUNT,</span> <span class='ocrx_word' id='word_1_255' title='bbox 593 3941 825 4032; x_wconf 82' lang='lat' dir='ltr'>quantumvis</span> <span class='ocrx_word' id='word_1_256' title='bbox 838 3941 974 4024; x_wconf 85' lang='lat' dir='ltr'>velint,</span> <span class='ocrx_word' id='word_1_257' title='bbox 999 3962 1082 4012; x_wconf 90' lang='lat' dir='ltr'>cum</span> <span class='ocrx_word' id='word_1_258' title='bbox 1097 3941 1136 4014; x_wconf 91' lang='lat' dir='ltr'>id</span> <span class='ocrx_word' id='word_1_259' title='bbox 1151 3943 1344 4015; x_wconf 83' lang='lat' dir='ltr'>Salvatoris</span> <span class='ocrx_word' id='word_1_260' title='bbox 1359 3939 1527 4012; x_wconf 86' lang='lat' dir='ltr'>instituto</span> 
     </span>
     <span class='ocr_line' id='line_1_34' title="bbox 375 4051 994 4145; baseline -0.005 -21"><span class='ocrx_word' id='word_1_261' title='bbox 375 4053 517 4126; x_wconf 91' lang='lat' dir='ltr'>muneri</span> <span class='ocrx_word' id='word_1_262' title='bbox 533 4051 726 4145; x_wconf 87' lang='lat' dir='ltr'>episcopali</span> <span class='ocrx_word' id='word_1_263' title='bbox 741 4073 922 4124; x_wconf 87' lang='lat' dir='ltr'>annexum</span> <span class='ocrx_word' id='word_1_264' title='bbox 938 4051 994 4122; x_wconf 87' lang='lat' dir='ltr'>sit.</span> 
     </span>
    </p>
   </div>
   <div class='ocr_carea' id='block_1_7' title="bbox 0 0 1758 5232">
    <p class='ocr_par' dir='ltr' id='par_1_7' title="bbox 0 0 1758 5232">
     <span class='ocr_line' id='line_1_35' title="bbox 0 0 1758 5232; baseline 0 0"><span class='ocrx_word' id='word_1_265' title='bbox 0 0 1758 5232; x_wconf 95' lang='lat' dir='ltr'> </span> 
     </span>
    </p>
   </div>
  </div>
 </body>
</html>
