3458 5232
648 417 760 500 ..43
781 462 827 477 -

154 582 322 665 admissa,
347 580 547 672 cyprianus
569 599 643 648 non
665 575 890 647 solummodo
912 571 1059 646 acrioris
1092 571 1223 644 erroris
1247 572 1310 644 de·

155 691 339 794 tensionis,
367 691 430 760 sed
453 691 563 761 etiam
577 690 765 760 haereseos
781 693 903 756 notam
919 682 1167 755 contraxisset.
1184 685 1311 775 Augu·

155 803 250 873 stino
273 800 493 893 Cyprianum
516 799 703 870 excusanti
727 796 908 868 consensit
926 799 1022 864 certe
1036 797 1125 860 tunc
1141 791 1313 881 temporis

106 927 110 937 ’
156 909 324 993 Ecclesia,
351 911 453 997 cujus
475 908 599 978 lumen
623 914 660 978 et
682 905 868 976 oraculum
891 901 993 993 quasi
1016 899 1228 968 habebatur.

714 1126 746 1196 2.

200 1351 471 1420 Controversiae
493 1352 538 1420 de
562 1352 668 1420 rebus
692 1350 778 1419 fidei
801 1349 962 1430 summis,
981 1324 1172 1435 postquam
1189 1333 1312 1404 Eccle-

157 1459 231 1527 siae
253 1481 325 1550 pax
341 1459 432 1546 ¹data
454 1466 541 1542 erat,
568 1465 677 1538 ortae,
696 1459 931 1528 conciliorum
949 1450 1172 1546 generalium
1188 1444 1313 1513 decre-

156 1569 215 1650 tis,
242 1590 315 1637 non
338 1575 459 1638 autem
482 1571 557 1637 sola
579 1570 731 1638 Romani
753 1566 938 1636 Pontificis
963 1560 1187 1638 auctoritate,
1214 1551 1312 1640 sopi-

156 1685 214 1748 tae
237 1686 332 1749 sunt.
358 1681 430 1769 Ipsi
445 1680 637 1749 Pontifices
653 1678 834 1748 habebant
849 1676 1083 1745 conciliorum
1102 1662 1312 1737 celebratio-

157 1809 252 1871 nem,
278 1795 451 1878 tanquam
474 1790 635 1860 medium
656 1791 892 1879 aptissimum,
910 1779 983 1876 quo
996 1776 1255 1852 irretractabile
1270 1773 1315 1841 de

157 1896 244 1966 fidei
267 1898 433 1967 doctrina
456 1900 637 1988 judicium
660 1899 927 1978 efformaretur;
955 1912 1117 1980 eamque,
1146 1887 1230 1955 data
1253 1903 1313 1950 oc-

159 2007 316 2092 casione,
340 2007 613 2096 promovebant.
640 2007 731 2075 Hinc
761 2010 830 2074 Leo
859 2008 1009 2094 Magnus
1039 2001 1078 2066 in
1106 1992 1237 2064 litteris
1269 1989 1315 2056 ad

158 2115 421 2184 Theodoretum
444 2118 648 2206 cyrensem,
673 2116 824 2204 loquens
850 2116 895 2195 de
911 2108 1063 2205 epistola
1085 2129 1150 2176 sua
1166 2103 1212 2170 ad
1233 2099 1314 2166 Fla·

160 2221 322 2306 vianum,
347 2230 385 2292 et
408 2225 452 2295 de
475 2227 632 2296 Concilio
654 2224 933 2294 chalcedonensi
961 2223 1001 2290 in
1017 2240 1089 2308 quo
1104 2217 1199 2284 lecta
1222 2211 1311 2290 erat,

158 2333 222 2402 ait:
250 2337 374 2414 «Quae
397 2338 506 2426 (Deus)
529 2344 653 2406 nostro
677 2339 778 2428 prius
801 2335 1001 2424 ministerio
1024 2327 1226 2404 definierat,
1246 2319 1315 2386 fra·

157 2443 340 2512 ternitatis
363 2446 552 2515 universae
577 2466 854 2514 inauralcrlnrm
879 2441 1037 2512 firmavit
1067 2451 1237 2510 assensu3
1273 2431 1316 2494 ut

159 2573 244 2621 vere
269 2575 290 2619 a
313 2575 350 2622 se
367 2556 543 2643 prodiisse
567 2556 782 2637 ostenderet,
810 2555 907 2644 quod
931 2552 1031 2642 prius
1054 2571 1075 2616 a
1097 2545 1214 2636 prima
1237 2557 1314 2606 om-

161 2660 264 2727 nium
288 2662 371 2731 sede
393 2663 588 2732 formatum
609 2666 720 2733 totius
737 2664 928 2732 Christiani
945 2661 1047 2730 Orbis
1058 2654 1239 2746 judicium
1255 2665 1313 2714 re·

163 2771 327 2859 cepisset.
355 2793 373 2837 »
398 2774 557 2862 Agnovit
573 2795 658 2864 ergo
674 2777 744 2841 Leo
759 2773 898 2861 aliquid
913 2768 1107 2849 firmitatis,
1127 2783 1217 2854 quae
1235 2777 1315 2832 eam

160 2878 461 2950 irretractabilem
483 2883 711 2966 reddidisset,
737 2885 908 2972 epistolae
936 2883 1011 2970 ejus
1035 2899 1080 2947 ex
1102 2867 1315 2960 acceptatio-

160 3007 206 3056 ne
229 3009 251 3055 a
272 2990 430 3058 Concilio
454 2992 654 3061 accessisse.
681 2995 789 3062 Lecta
819 2991 965 3080 quidem
998 2989 1037 3056 in
1067 3008 1108 3056 eo
1140 2977 1313 3070 epistola,

159 3103 280 3186 patres
303 3100 608 3170 chalcedonenses
632 3103 669 3169 in
693 3122 800 3172 voces
823 3119 1030 3191 prorupere:
1059 3118 1077 3162 «
1100 3097 1229 3162 Petrus
1251 3113 1317 3181 per

162 3208 316 3275 Leonem
339 3209 482 3279 locutus
505 3217 569 3292 est3
596 3211 647 3280 ita
670 3231 793 3280 omnes
817 3193 996 3278 credimus
1020 3229 1051 3274 u.
1085 3208 1181 3284 Quae
1204 3203 1316 3270 verba

160 3316 310 3385 minime
335 3319 552 3409 significant,
579 3329 621 3390 ut
636 3327 800 3392 asserunt
814 3320 1023 3390 Pontificiae
1046 3313 1317 3385 Infallibilitatis

160 3423 340 3508 advocati,
366 3430 490 3496 Patres
512 3429 650 3498 litteras
673 3430 755 3498 ideo
779 3429 947 3518 probasse
972 3425 1069 3513 quod
1092 3426 1186 3504 Leo,
1216 3419 1315 3488 Petri

160 3551 355 3618 successor,
382 3558 441 3604 eas
465 3537 634 3608 dedisset:
661 3539 723 3607 sed
747 3538 844 3626 quod
868 3535 1032 3605 doctrina
1057 3534 1097 3600 in
1126 3530 1171 3598 iis
1202 3550 1314 3619 expo-

162 3636 232 3703 sita
254 3660 401 3710 concors
425 3652 518 3713 esset
541 3667 624 3715 cum
648 3665 690 3714 ea
713 3666 823 3734 quam
845 3643 916 3733 ipsi
937 3639 1121 3710 tenebant.

206 3743 441 3832 Agnoverunt
462 3752 502 3820 in
524 3753 647 3821 verbis
669 3752 797 3822 Leonis
818 3771 944 3821 vocem
966 3747 1077 3830 Petri,
1101 3745 1164 3835 qui
1181 3747 1315 3812 Romae
1367 3765 1379 3776 ·

161 3849 371 3922 tradidisset
383 3861 545 3930 eamdem
560 3861 762 3930 doctrinam
778 3881 886 3949 quam
902 3859 964 3928 alii
980 3856 1146 3948 apostoli,
1167 3858 1229 3922 aut
1244 3851 1315 3922 viri

161 3961 361 4048 apostolici,
386 3965 611 4037 tradiderant
633 3969 673 4037 in
695 3968 855 4038 ecclesiis
879 3968 924 4035 ab
946 3967 991 4034 iis
1013 3963 1195 4045 fundatis,
1230 3981 1314 4048 qua-

161 4089 241 4139 rum
264 4072 351 4142 fidei
374 4075 444 4166 ipsi
466 4079 588 4148 Patres
609 4083 718 4146 testes
736 4082 850 4160 erant,
869 4097 910 4144 eo
926 4076 1085 4167 praecise
1101 4072 1221 4151 modo,
1239 4090 1310 4158 quo

163 4182 232 4248 Leo
254 4182 356 4252 testis
379 4190 456 4276 erat
478 4186 564 4255 fidei
585 4190 725 4257 aPetro
740 4185 911 4258 Romanis
927 4187 1092 4256 traditae.
1110 4185 1199 4254 Cum
1216 4179 1312 4250 enim
