<?xml version="1.0" encoding="UTF-8"?>
<!DOCTYPE html PUBLIC "-//W3C//DTD XHTML 1.0 Transitional//EN"
    "http://www.w3.org/TR/xhtml1/DTD/xhtml1-transitional.dtd">
<html xmlns="http://www.w3.org/1999/xhtml" xml:lang="en" lang="en">
 <head>
  <title>
</title>
<meta http-equiv="Content-Type" content="text/html;charset=utf-8" />
  <meta name='ocr-system' content='tesseract 3.04.00' />
  <meta name='ocr-capabilities' content='ocr_page ocr_carea ocr_par ocr_line ocrx_word'/>
</head>
<body>
  <div class='ocr_page' id='page_1' title='image "./depontificiainf00kenrgoog_0034.png"; bbox 0 0 3458 5232; ppageno 0'>
   <div class='ocr_carea' id='block_1_1' title="bbox 569 460 881 545">
    <p class='ocr_par' dir='ltr' id='par_1_1' title="bbox 569 460 881 545">
     <span class='ocr_line' id='line_1_1' title="bbox 569 460 881 545; baseline -0.003 -12"><span class='ocrx_word' id='word_1_1' title='bbox 569 539 571 545; x_wconf 22' lang='lat' dir='ltr'>s</span> <span class='ocrx_word' id='word_1_2' title='bbox 705 460 881 533; x_wconf 73' lang='lat'>-27-</span> 
     </span>
    </p>
   </div>
   <div class='ocr_carea' id='block_1_2' title="bbox 219 609 1376 1576">
    <p class='ocr_par' dir='ltr' id='par_1_2' title="bbox 219 609 1376 1576">
     <span class='ocr_line' id='line_1_2' title="bbox 221 609 1374 700; baseline -0.007 -16"><span class='ocrx_word' id='word_1_3' title='bbox 221 615 320 684; x_wconf 89' lang='lat' dir='ltr'>biam</span> <span class='ocrx_word' id='word_1_4' title='bbox 343 614 407 686; x_wconf 84' lang='lat' dir='ltr'>sad</span> <span class='ocrx_word' id='word_1_5' title='bbox 437 613 622 684; x_wconf 78' lang='lat' dir='ltr'><strong>catholicis</strong></span> <span class='ocrx_word' id='word_1_6' title='bbox 645 621 780 684; x_wconf 89' lang='lat' dir='ltr'>certam</span> <span class='ocrx_word' id='word_1_7' title='bbox 795 637 813 683; x_wconf 87' lang='lat'>»</span> <span class='ocrx_word' id='word_1_8' title='bbox 828 613 1038 682; x_wconf 88' lang='lat' dir='ltr'>Pontificem</span> <span class='ocrx_word' id='word_1_9' title='bbox 1069 609 1199 681; x_wconf 87' lang='lat' dir='ltr'>habere</span> <span class='ocrx_word' id='word_1_10' title='bbox 1223 612 1374 700; x_wconf 86' lang='lat' dir='ltr'>potesta·</span> 
     </span>
     <span class='ocr_line' id='line_1_3' title="bbox 221 716 1374 817; baseline -0.006 -24"><span class='ocrx_word' id='word_1_11' title='bbox 221 732 296 817; x_wconf 85' lang='lat' dir='ltr'>tem</span> <span class='ocrx_word' id='word_1_12' title='bbox 324 726 363 792; x_wconf 93' lang='lat' dir='ltr'>in</span> <span class='ocrx_word' id='word_1_13' title='bbox 389 723 646 814; x_wconf 81' lang='lat' dir='ltr'>temporalibus</span> <span class='ocrx_word' id='word_1_14' title='bbox 671 725 720 813; x_wconf 75' lang='lat' dir='ltr'>ll).</span> <span class='ocrx_word' id='word_1_15' title='bbox 749 726 917 792; x_wconf 78' lang='lat' dir='ltr'><strong>Attamen</strong></span> <span class='ocrx_word' id='word_1_16' title='bbox 939 723 1104 791; x_wconf 86' lang='lat' dir='ltr'>nonnulli</span> <span class='ocrx_word' id='word_1_17' title='bbox 1132 716 1374 808; x_wconf 89' lang='lat' dir='ltr'>inpraesenti</span> 
     </span>
     <span class='ocr_line' id='line_1_4' title="bbox 221 817 1372 922; baseline -0.008 -20"><span class='ocrx_word' id='word_1_18' title='bbox 221 834 378 903; x_wconf 82' lang='lat' dir='ltr'>Concilio</span> <span class='ocrx_word' id='word_1_19' title='bbox 411 835 542 901; x_wconf 91' lang='lat' dir='ltr'>adsunt</span> <span class='ocrx_word' id='word_1_20' title='bbox 573 817 762 922; x_wconf 82' lang='lat' dir='ltr'>episcopi,</span> <span class='ocrx_word' id='word_1_21' title='bbox 796 833 891 899; x_wconf 88' lang='lat' dir='ltr'>inter</span> <span class='ocrx_word' id='word_1_22' title='bbox 919 846 1007 918; x_wconf 91' lang='lat' dir='ltr'>quos</span> <span class='ocrx_word' id='word_1_23' title='bbox 1037 832 1164 898; x_wconf 89' lang='lat' dir='ltr'>harum</span> <span class='ocrx_word' id='word_1_24' title='bbox 1194 828 1372 916; x_wconf 78' lang='lat' dir='ltr'>scriptor,</span> 
     </span>
     <span class='ocr_line' id='line_1_5' title="bbox 222 941 1375 1032; baseline -0.003 -22"><span class='ocrx_word' id='word_1_25' title='bbox 222 943 296 1032; x_wconf 92' lang='lat' dir='ltr'>qui,</span> <span class='ocrx_word' id='word_1_26' title='bbox 323 943 473 1011; x_wconf 86' lang='lat' dir='ltr'>solemni</span> <span class='ocrx_word' id='word_1_27' title='bbox 493 944 697 1030; x_wconf 87' lang='lat' dir='ltr'>juramento</span> <span class='ocrx_word' id='word_1_28' title='bbox 720 941 904 1030; x_wconf 63' lang='lat' dir='ltr'>praestito</span> <span class='ocrx_word' id='word_1_29' title='bbox 931 941 1159 1008; x_wconf 85' lang='lat' dir='ltr'>declararunt</span> <span class='ocrx_word' id='word_1_30' title='bbox 1175 941 1375 1006; x_wconf 88' lang='lat' dir='ltr'>Romanum</span> 
     </span>
     <span class='ocr_line' id='line_1_6' title="bbox 221 1037 1376 1140; baseline -0.007 -18"><span class='ocrx_word' id='word_1_31' title='bbox 221 1037 431 1122; x_wconf 85' lang='lat' dir='ltr'>Pontificem</span> <span class='ocrx_word' id='word_1_32' title='bbox 446 1051 484 1119; x_wconf 92' lang='lat' dir='ltr'>in</span> <span class='ocrx_word' id='word_1_33' title='bbox 500 1051 632 1140; x_wconf 84' lang='lat' dir='ltr'>Anglia</span> <span class='ocrx_word' id='word_1_34' title='bbox 643 1051 767 1118; x_wconf 89' lang='lat' dir='ltr'>saltem</span> <span class='ocrx_word' id='word_1_35' title='bbox 785 1050 922 1118; x_wconf 90' lang='lat' dir='ltr'>nullam</span> <span class='ocrx_word' id='word_1_36' title='bbox 945 1048 1150 1136; x_wconf 86' lang='lat' dir='ltr'>hujusmodi</span> <span class='ocrx_word' id='word_1_37' title='bbox 1165 1049 1296 1116; x_wconf 89' lang='lat' dir='ltr'>habere</span> <span class='ocrx_word' id='word_1_38' title='bbox 1313 1068 1376 1136; x_wconf 87' lang='lat' dir='ltr'>po-</span> 
     </span>
     <span class='ocr_line' id='line_1_7' title="bbox 220 1157 1375 1249; baseline -0.006 -17"><span class='ocrx_word' id='word_1_39' title='bbox 220 1168 398 1232; x_wconf 74' lang='lat' dir='ltr'>testatem.</span> <span class='ocrx_word' id='word_1_40' title='bbox 414 1164 465 1228; x_wconf 82' lang='lat' dir='ltr'>Ex</span> <span class='ocrx_word' id='word_1_41' title='bbox 479 1162 547 1249; x_wconf 85' lang='lat' dir='ltr'>hoc</span> <span class='ocrx_word' id='word_1_42' title='bbox 565 1160 726 1248; x_wconf 85' lang='lat' dir='ltr'>exemplo</span> <span class='ocrx_word' id='word_1_43' title='bbox 739 1159 883 1227; x_wconf 88' lang='lat' dir='ltr'>discant</span> <span class='ocrx_word' id='word_1_44' title='bbox 906 1157 969 1245; x_wconf 91' lang='lat' dir='ltr'>qui</span> <span class='ocrx_word' id='word_1_45' title='bbox 991 1157 1257 1226; x_wconf 85' lang='lat' dir='ltr'>infallibilitatis</span> <span class='ocrx_word' id='word_1_46' title='bbox 1287 1160 1375 1225; x_wconf 92' lang='lat' dir='ltr'>Pon·</span> 
     </span>
     <span class='ocr_line' id='line_1_8' title="bbox 219 1259 1374 1358; baseline -0.005 -18"><span class='ocrx_word' id='word_1_47' title='bbox 219 1271 352 1349; x_wconf 88' lang='lat' dir='ltr'>tificiae</span> <span class='ocrx_word' id='word_1_48' title='bbox 363 1269 611 1338; x_wconf 89' lang='lat' dir='ltr'>definitionem</span> <span class='ocrx_word' id='word_1_49' title='bbox 633 1259 776 1358; x_wconf 81' lang='lat' dir='ltr'>urgent,</span> <span class='ocrx_word' id='word_1_50' title='bbox 795 1267 887 1334; x_wconf 91' lang='lat' dir='ltr'>nihil</span> <span class='ocrx_word' id='word_1_51' title='bbox 901 1266 1020 1335; x_wconf 88' lang='lat' dir='ltr'>valere</span> <span class='ocrx_word' id='word_1_52' title='bbox 1044 1287 1294 1354; x_wconf 90' lang='lat' dir='ltr'>quamcunque</span> <span class='ocrx_word' id='word_1_53' title='bbox 1317 1287 1374 1334; x_wconf 89' lang='lat' dir='ltr'>so-</span> 
     </span>
     <span class='ocr_line' id='line_1_9' title="bbox 222 1374 1375 1463; baseline -0.006 -15"><span class='ocrx_word' id='word_1_54' title='bbox 222 1382 376 1450; x_wconf 88' lang='lat' dir='ltr'>lemnem</span> <span class='ocrx_word' id='word_1_55' title='bbox 384 1377 610 1454; x_wconf 81' lang='lat' dir='ltr'>Pontifioiam</span> <span class='ocrx_word' id='word_1_56' title='bbox 627 1377 915 1453; x_wconf 83' lang='lat' dir='ltr'>declarationem,</span> <span class='ocrx_word' id='word_1_57' title='bbox 935 1375 1075 1444; x_wconf 91' lang='lat' dir='ltr'>etiamsi</span> <span class='ocrx_word' id='word_1_58' title='bbox 1090 1375 1127 1442; x_wconf 90' lang='lat' dir='ltr'>in</span> <span class='ocrx_word' id='word_1_59' title='bbox 1146 1374 1282 1463; x_wconf 91' lang='lat' dir='ltr'>synodo</span> <span class='ocrx_word' id='word_1_60' title='bbox 1297 1395 1375 1463; x_wconf 91' lang='lat' dir='ltr'>pro·</span> 
     </span>
     <span class='ocr_line' id='line_1_10' title="bbox 222 1481 1375 1576; baseline -0.005 -22"><span class='ocrx_word' id='word_1_61' title='bbox 222 1487 348 1568; x_wconf 91' lang='lat' dir='ltr'>latam,</span> <span class='ocrx_word' id='word_1_62' title='bbox 364 1485 479 1576; x_wconf 82' lang='lat' dir='ltr'>qualis</span> <span class='ocrx_word' id='word_1_63' title='bbox 491 1483 561 1552; x_wconf 88' lang='lat' dir='ltr'>fuit</span> <span class='ocrx_word' id='word_1_64' title='bbox 576 1483 639 1551; x_wconf 91' lang='lat' dir='ltr'>illa</span> <span class='ocrx_word' id='word_1_65' title='bbox 653 1482 827 1550; x_wconf 86' lang='lat' dir='ltr'>Bonifacii</span> <span class='ocrx_word' id='word_1_66' title='bbox 839 1485 944 1564; x_wconf 91' lang='lat' dir='ltr'>VIII.,</span> <span class='ocrx_word' id='word_1_67' title='bbox 955 1482 985 1549; x_wconf 89' lang='lat' dir='ltr'>si</span> <span class='ocrx_word' id='word_1_68' title='bbox 997 1481 1232 1550; x_wconf 90' lang='lat' dir='ltr'>fundamento</span> <span class='ocrx_word' id='word_1_69' title='bbox 1256 1485 1375 1548; x_wconf 87' lang='lat' dir='ltr'>careat</span> 
     </span>
    </p>
   </div>
   <div class='ocr_carea' id='block_1_3' title="bbox 172 1589 1457 4066">
    <p class='ocr_par' dir='ltr' id='par_1_3' title="bbox 220 1589 1457 1898">
     <span class='ocr_line' id='line_1_11' title="bbox 220 1589 1375 1682; baseline -0.003 -19"><span class='ocrx_word' id='word_1_70' title='bbox 220 1596 258 1663; x_wconf 90' lang='lat' dir='ltr'>in</span> <span class='ocrx_word' id='word_1_71' title='bbox 273 1597 390 1664; x_wconf 89' lang='lat' dir='ltr'>Verbo</span> <span class='ocrx_word' id='word_1_72' title='bbox 405 1593 467 1662; x_wconf 91' lang='lat' dir='ltr'>Dei</span> <span class='ocrx_word' id='word_1_73' title='bbox 488 1594 620 1682; x_wconf 88' lang='lat' dir='ltr'>scripto</span> <span class='ocrx_word' id='word_1_74' title='bbox 644 1598 706 1660; x_wconf 90' lang='lat' dir='ltr'>aut</span> <span class='ocrx_word' id='word_1_75' title='bbox 728 1592 871 1660; x_wconf 81' lang='lat' dir='ltr'>tradito</span> <span class='ocrx_word' id='word_1_76' title='bbox 891 1592 991 1668; x_wconf 78' lang='lat' dir='ltr'>Quod</span> <span class='ocrx_word' id='word_1_77' title='bbox 1017 1592 1061 1659; x_wconf 88' lang='lat' dir='ltr'>de</span> <span class='ocrx_word' id='word_1_78' title='bbox 1079 1611 1117 1658; x_wconf 91' lang='lat' dir='ltr'>re</span> <span class='ocrx_word' id='word_1_79' title='bbox 1137 1611 1281 1680; x_wconf 86' lang='lat' dir='ltr'>prorsus</span> <span class='ocrx_word' id='word_1_80' title='bbox 1305 1589 1375 1660; x_wconf 90' lang='lat' dir='ltr'>alia</span> 
     </span>
     <span class='ocr_line' id='line_1_12' title="bbox 221 1689 1457 1791; baseline -0.002 -20"><span class='ocrx_word' id='word_1_81' title='bbox 221 1705 314 1772; x_wconf 83' lang='lat' dir='ltr'>dixit</span> <span class='ocrx_word' id='word_1_82' title='bbox 344 1705 508 1786; x_wconf 76' lang='lat' dir='ltr'>TulliuS,</span> <span class='ocrx_word' id='word_1_83' title='bbox 541 1704 597 1770; x_wconf 87' lang='lat' dir='ltr'>his</span> <span class='ocrx_word' id='word_1_84' title='bbox 625 1724 767 1790; x_wconf 88' lang='lat' dir='ltr'>quoque</span> <span class='ocrx_word' id='word_1_85' title='bbox 792 1708 921 1772; x_wconf 88' lang='lat' dir='ltr'>eventu</span> <span class='ocrx_word' id='word_1_86' title='bbox 951 1703 1124 1791; x_wconf 89' lang='lat' dir='ltr'>probatur</span> <span class='ocrx_word' id='word_1_87' title='bbox 1158 1699 1370 1768; x_wconf 80' lang='lat' dir='ltr'>convenire:</span> <span class='ocrx_word' id='word_1_88' title='bbox 1407 1689 1418 1720; x_wconf 75' lang='lat'>⁸</span> <span class='ocrx_word' id='word_1_89' title='bbox 1456 1709 1457 1712; x_wconf 75' lang='grc'>’</span> 
     </span>
     <span class='ocr_line' id='line_1_13' title="bbox 221 1810 1219 1898; baseline -0.006 -17"><span class='ocrx_word' id='word_1_90' title='bbox 221 1837 238 1881; x_wconf 83' lang='grc'>«</span> <span class='ocrx_word' id='word_1_91' title='bbox 256 1817 457 1881; x_wconf 88' lang='lat' dir='ltr'>commenta</span> <span class='ocrx_word' id='word_1_92' title='bbox 468 1813 564 1879; x_wconf 91' lang='lat' dir='ltr'>delet</span> <span class='ocrx_word' id='word_1_93' title='bbox 575 1811 663 1893; x_wconf 89' lang='lat' dir='ltr'>dies;</span> <span class='ocrx_word' id='word_1_94' title='bbox 674 1811 812 1898; x_wconf 87' lang='lat' dir='ltr'>judicia</span> <span class='ocrx_word' id='word_1_95' title='bbox 825 1817 973 1879; x_wconf 87' lang='lat' dir='ltr'>naturae</span> <span class='ocrx_word' id='word_1_96' title='bbox 990 1810 1219 1878; x_wconf 85' lang='lat' dir='ltr'>confirmat».</span> 
     </span>
    </p>

    <p class='ocr_par' dir='ltr' id='par_1_4' title="bbox 172 1918 1376 4066">
     <span class='ocr_line' id='line_1_14' title="bbox 263 1918 1373 2009; baseline -0.005 -20"><span class='ocrx_word' id='word_1_97' title='bbox 263 1924 353 1989; x_wconf 85' lang='lat' dir='ltr'>Non·</span> <span class='ocrx_word' id='word_1_98' title='bbox 366 1920 480 2009; x_wconf 79' lang='lat' dir='ltr'>igitur</span> <span class='ocrx_word' id='word_1_99' title='bbox 510 1919 652 1988; x_wconf 86' lang='lat' dir='ltr'>inficior</span> <span class='ocrx_word' id='word_1_100' title='bbox 681 1922 894 1990; x_wconf 87' lang='lat' dir='ltr'>sententiam</span> <span class='ocrx_word' id='word_1_101' title='bbox 917 1919 1126 1989; x_wconf 90' lang='lat' dir='ltr'>Pontificiae</span> <span class='ocrx_word' id='word_1_102' title='bbox 1157 1918 1373 1990; x_wconf 88' lang='lat' dir='ltr'>inerrantiae</span> 
     </span>
     <span class='ocr_line' id='line_1_15' title="bbox 220 2023 1376 2116; baseline 0 -24"><span class='ocrx_word' id='word_1_103' title='bbox 220 2026 381 2116; x_wconf 90' lang='lat' dir='ltr'>plurium</span> <span class='ocrx_word' id='word_1_104' title='bbox 404 2026 591 2102; x_wconf 88' lang='lat' dir='ltr'>doctorum</span> <span class='ocrx_word' id='word_1_105' title='bbox 614 2047 654 2094; x_wconf 85' lang='lat' dir='ltr'>ac</span> <span class='ocrx_word' id='word_1_106' title='bbox 677 2033 882 2096; x_wconf 87' lang='lat' dir='ltr'>sanctorum</span> <span class='ocrx_word' id='word_1_107' title='bbox 905 2029 1013 2096; x_wconf 90' lang='lat' dir='ltr'>etiam</span> <span class='ocrx_word' id='word_1_108' title='bbox 1036 2028 1198 2097; x_wconf 87' lang='lat' dir='ltr'>virorum</span> <span class='ocrx_word' id='word_1_109' title='bbox 1222 2023 1376 2094; x_wconf 86' lang='lat' dir='ltr'>auctori-</span> 
     </span>
     <span class='ocr_line' id='line_1_16' title="bbox 221 2135 1372 2228; baseline -0.003 -23"><span class='ocrx_word' id='word_1_110' title='bbox 221 2143 294 2206; x_wconf 89' lang='lat' dir='ltr'>tate</span> <span class='ocrx_word' id='word_1_111' title='bbox 311 2137 440 2216; x_wconf 83' lang='lat' dir='ltr'>fulciri;</span> <span class='ocrx_word' id='word_1_112' title='bbox 456 2137 518 2205; x_wconf 87' lang='lat' dir='ltr'>sed</span> <span class='ocrx_word' id='word_1_113' title='bbox 528 2159 621 2227; x_wconf 84' lang='lat' dir='ltr'>nego</span> <span class='ocrx_word' id='word_1_114' title='bbox 638 2159 715 2205; x_wconf 88' lang='lat' dir='ltr'>eam</span> <span class='ocrx_word' id='word_1_115' title='bbox 730 2139 882 2228; x_wconf 84' lang='lat' dir='ltr'>proinde</span> <span class='ocrx_word' id='word_1_116' title='bbox 897 2161 962 2228; x_wconf 91' lang='lat' dir='ltr'>pro</span> <span class='ocrx_word' id='word_1_117' title='bbox 985 2144 1080 2206; x_wconf 87' lang='lat' dir='ltr'>certa</span> <span class='ocrx_word' id='word_1_118' title='bbox 1094 2136 1217 2205; x_wconf 91' lang='lat' dir='ltr'>haberi</span> <span class='ocrx_word' id='word_1_119' title='bbox 1229 2135 1372 2218; x_wconf 90' lang='lat' dir='ltr'>debere,</span> 
     </span>
     <span class='ocr_line' id='line_1_17' title="bbox 221 2245 1370 2336; baseline -0.002 -24"><span class='ocrx_word' id='word_1_120' title='bbox 221 2245 460 2312; x_wconf 90' lang='lat' dir='ltr'>multominus</span> <span class='ocrx_word' id='word_1_121' title='bbox 471 2267 534 2333; x_wconf 92' lang='lat' dir='ltr'>pro</span> <span class='ocrx_word' id='word_1_122' title='bbox 546 2248 822 2333; x_wconf 87' lang='lat' dir='ltr'>sententiaquae</span> <span class='ocrx_word' id='word_1_123' title='bbox 834 2246 971 2314; x_wconf 88' lang='lat' dir='ltr'>adfidei</span> <span class='ocrx_word' id='word_1_124' title='bbox 983 2246 1114 2336; x_wconf 83' lang='lat' dir='ltr'>dogma</span> <span class='ocrx_word' id='word_1_125' title='bbox 1126 2245 1370 2332; x_wconf 85' lang='lat' dir='ltr'>evehiposset.</span> 
     </span>
     <span class='ocr_line' id='line_1_18' title="bbox 219 2351 1372 2441; baseline -0.004 -20"><span class='ocrx_word' id='word_1_126' title='bbox 219 2353 335 2422; x_wconf 88' lang='lat' dir='ltr'>Facile</span> <span class='ocrx_word' id='word_1_127' title='bbox 360 2359 413 2420; x_wconf 89' lang='lat' dir='ltr'>est</span> <span class='ocrx_word' id='word_1_128' title='bbox 435 2353 584 2421; x_wconf 88' lang='lat' dir='ltr'>reddere</span> <span class='ocrx_word' id='word_1_129' title='bbox 601 2353 790 2435; x_wconf 88' lang='lat' dir='ltr'>rationem,</span> <span class='ocrx_word' id='word_1_130' title='bbox 809 2374 1004 2441; x_wconf 90' lang='lat' dir='ltr'>quarenam</span> <span class='ocrx_word' id='word_1_131' title='bbox 1019 2353 1088 2420; x_wconf 87' lang='lat' dir='ltr'>ista</span> <span class='ocrx_word' id='word_1_132' title='bbox 1104 2351 1282 2419; x_wconf 89' lang='lat' dir='ltr'>sententia</span> <span class='ocrx_word' id='word_1_133' title='bbox 1297 2355 1372 2418; x_wconf 88' lang='lat' dir='ltr'>tam</span> 
     </span>
     <span class='ocr_line' id='line_1_19' title="bbox 219 2458 1371 2551; baseline -0.005 -22"><span class='ocrx_word' id='word_1_134' title='bbox 219 2463 282 2529; x_wconf 92' lang='lat' dir='ltr'>diu</span> <span class='ocrx_word' id='word_1_135' title='bbox 305 2461 499 2543; x_wconf 84' lang='lat' dir='ltr'>duraverit,</span> <span class='ocrx_word' id='word_1_136' title='bbox 526 2467 658 2530; x_wconf 89' lang='lat' dir='ltr'>ettam</span> <span class='ocrx_word' id='word_1_137' title='bbox 681 2463 751 2530; x_wconf 89' lang='lat' dir='ltr'>late</span> <span class='ocrx_word' id='word_1_138' title='bbox 775 2462 1028 2551; x_wconf 87' lang='lat' dir='ltr'>praevaluerit.</span> <span class='ocrx_word' id='word_1_139' title='bbox 1065 2458 1371 2539; x_wconf 84' lang='lat' dir='ltr'>Quemadmodum</span> 
     </span>
     <span class='ocr_line' id='line_1_20' title="bbox 219 2565 1369 2660; baseline -0.002 -26"><span class='ocrx_word' id='word_1_140' title='bbox 219 2589 264 2635; x_wconf 83' lang='lat' dir='ltr'>ex</span> <span class='ocrx_word' id='word_1_141' title='bbox 286 2568 377 2635; x_wconf 50' lang='lat' dir='ltr'>ficta¹</span> <span class='ocrx_word' id='word_1_142' title='bbox 391 2569 614 2636; x_wconf 86' lang='lat' dir='ltr'>Constantini</span> <span class='ocrx_word' id='word_1_143' title='bbox 627 2571 747 2660; x_wconf 84' lang='lat' dir='ltr'>Magni</span> <span class='ocrx_word' id='word_1_144' title='bbox 760 2570 930 2638; x_wconf 77' lang='lat' dir='ltr'>silvestro</span> <span class='ocrx_word' id='word_1_145' title='bbox 946 2573 1105 2636; x_wconf 85' lang='lat' dir='ltr'>Romano</span> <span class='ocrx_word' id='word_1_146' title='bbox 1122 2566 1288 2635; x_wconf 88' lang='lat' dir='ltr'>Pontifici</span> <span class='ocrx_word' id='word_1_147' title='bbox 1305 2565 1369 2632; x_wconf 94' lang='lat' dir='ltr'>do-</span> 
     </span>
     <span class='ocr_line' id='line_1_21' title="bbox 219 2677 1368 2767; baseline -0.001 -25"><span class='ocrx_word' id='word_1_148' title='bbox 219 2677 377 2758; x_wconf 89' lang='lat' dir='ltr'>natione,</span> <span class='ocrx_word' id='word_1_149' title='bbox 403 2677 471 2760; x_wconf 89' lang='lat' dir='ltr'>illa</span> <span class='ocrx_word' id='word_1_150' title='bbox 488 2678 666 2746; x_wconf 85' lang='lat' dir='ltr'>sententia</span> <span class='ocrx_word' id='word_1_151' title='bbox 689 2679 732 2746; x_wconf 91' lang='lat' dir='ltr'>de</span> <span class='ocrx_word' id='word_1_152' title='bbox 756 2677 940 2746; x_wconf 85' lang='lat' dir='ltr'>Pontificis</span> <span class='ocrx_word' id='word_1_153' title='bbox 964 2683 1140 2767; x_wconf 87' lang='lat' dir='ltr'>potestate</span> <span class='ocrx_word' id='word_1_154' title='bbox 1164 2678 1202 2744; x_wconf 89' lang='lat' dir='ltr'>in</span> <span class='ocrx_word' id='word_1_155' title='bbox 1225 2681 1368 2764; x_wconf 90' lang='lat' dir='ltr'>tempo-</span> 
     </span>
     <span class='ocr_line' id='line_1_22' title="bbox 220 2783 1368 2870; baseline 0.001 -20"><span class='ocrx_word' id='word_1_156' title='bbox 220 2783 354 2850; x_wconf 88' lang='lat' dir='ltr'>ralibus</span> <span class='ocrx_word' id='word_1_157' title='bbox 379 2789 480 2864; x_wconf 88' lang='lat' dir='ltr'>orta,</span> <span class='ocrx_word' id='word_1_158' title='bbox 508 2791 570 2852; x_wconf 89' lang='lat' dir='ltr'>aut</span> <span class='ocrx_word' id='word_1_159' title='bbox 596 2788 721 2854; x_wconf 89' lang='lat' dir='ltr'>saltem</span> <span class='ocrx_word' id='word_1_160' title='bbox 738 2788 947 2856; x_wconf 87' lang='lat' dir='ltr'>confirmata</span> <span class='ocrx_word' id='word_1_161' title='bbox 969 2787 1060 2870; x_wconf 83' lang='lat' dir='ltr'>luit,</span> <span class='ocrx_word' id='word_1_162' title='bbox 1090 2796 1126 2856; x_wconf 93' lang='lat' dir='ltr'>et</span> <span class='ocrx_word' id='word_1_163' title='bbox 1149 2807 1271 2854; x_wconf 89' lang='lat' dir='ltr'>omnes</span> <span class='ocrx_word' id='word_1_164' title='bbox 1295 2785 1368 2852; x_wconf 87' lang='lat' dir='ltr'>fere</span> 
     </span>
     <span class='ocr_line' id='line_1_23' title="bbox 218 2889 1368 2984; baseline 0.003 -30"><span class='ocrx_word' id='word_1_165' title='bbox 218 2893 356 2956; x_wconf 89' lang='lat' dir='ltr'>mentes</span> <span class='ocrx_word' id='word_1_166' title='bbox 371 2889 552 2977; x_wconf 86' lang='lat' dir='ltr'>pervasit;</span> <span class='ocrx_word' id='word_1_167' title='bbox 571 2890 621 2957; x_wconf 86' lang='lat' dir='ltr'>sic</span> <span class='ocrx_word' id='word_1_168' title='bbox 638 2912 680 2958; x_wconf 90' lang='lat' dir='ltr'>ea</span> <span class='ocrx_word' id='word_1_169' title='bbox 705 2913 794 2979; x_wconf 86' lang='lat' dir='ltr'>quae</span> <span class='ocrx_word' id='word_1_170' title='bbox 810 2916 906 2962; x_wconf 86' lang='lat' dir='ltr'>nunc</span> <span class='ocrx_word' id='word_1_171' title='bbox 920 2895 1060 2984; x_wconf 84' lang='lat' dir='ltr'>obtinet</span> <span class='ocrx_word' id='word_1_172' title='bbox 1076 2895 1253 2962; x_wconf 87' lang='lat' dir='ltr'>sententia</span> <span class='ocrx_word' id='word_1_173' title='bbox 1275 2896 1368 2958; x_wconf 92' lang='lat' dir='ltr'>Pon-</span> 
     </span>
     <span class='ocr_line' id='line_1_24' title="bbox 215 2999 1369 3086; baseline 0.004 -20"><span class='ocrx_word' id='word_1_174' title='bbox 215 2999 348 3068; x_wconf 87' lang='lat' dir='ltr'>tifioiae</span> <span class='ocrx_word' id='word_1_175' title='bbox 371 3000 590 3068; x_wconf 87' lang='lat' dir='ltr'>inerrantiae</span> <span class='ocrx_word' id='word_1_176' title='bbox 611 3005 728 3069; x_wconf 90' lang='lat' dir='ltr'>ortum</span> <span class='ocrx_word' id='word_1_177' title='bbox 752 3003 865 3086; x_wconf 87' lang='lat' dir='ltr'>duxit,</span> <span class='ocrx_word' id='word_1_178' title='bbox 891 3011 954 3073; x_wconf 88' lang='lat' dir='ltr'>aut</span> <span class='ocrx_word' id='word_1_179' title='bbox 976 3006 1101 3072; x_wconf 87' lang='lat' dir='ltr'>saltem</span> <span class='ocrx_word' id='word_1_180' title='bbox 1128 3004 1369 3072; x_wconf 85' lang='lat' dir='ltr'>confirmatio-</span> 
     </span>
     <span class='ocr_line' id='line_1_25' title="bbox 216 3109 1372 3202; baseline 0.004 -27"><span class='ocrx_word' id='word_1_181' title='bbox 216 3129 299 3175; x_wconf 91' lang='lat' dir='ltr'>nem</span> <span class='ocrx_word' id='word_1_182' title='bbox 315 3109 465 3196; x_wconf 87' lang='lat' dir='ltr'>accepit,</span> <span class='ocrx_word' id='word_1_183' title='bbox 479 3130 523 3175; x_wconf 85' lang='lat' dir='ltr'>ex</span> <span class='ocrx_word' id='word_1_184' title='bbox 536 3109 698 3202; x_wconf 81' lang='lat' dir='ltr'>confictis</span> <span class='ocrx_word' id='word_1_185' title='bbox 722 3112 964 3199; x_wconf 89' lang='lat' dir='ltr'>antiquiorum</span> <span class='ocrx_word' id='word_1_186' title='bbox 988 3118 1230 3182; x_wconf 88' lang='lat' dir='ltr'>Romanorum</span> <span class='ocrx_word' id='word_1_187' title='bbox 1252 3113 1372 3180; x_wconf 90' lang='lat' dir='ltr'>Ponti-</span> 
     </span>
     <span class='ocr_line' id='line_1_26' title="bbox 217 3215 1369 3312; baseline 0.003 -29"><span class='ocrx_word' id='word_1_188' title='bbox 217 3215 324 3284; x_wconf 89' lang='lat' dir='ltr'>ficum</span> <span class='ocrx_word' id='word_1_189' title='bbox 351 3218 502 3286; x_wconf 89' lang='lat' dir='ltr'>decretis</span> <span class='ocrx_word' id='word_1_190' title='bbox 534 3225 570 3287; x_wconf 90' lang='lat' dir='ltr'>et</span> <span class='ocrx_word' id='word_1_191' title='bbox 603 3221 787 3308; x_wconf 89' lang='lat' dir='ltr'>epistolis,</span> <span class='ocrx_word' id='word_1_192' title='bbox 814 3223 1036 3312; x_wconf 89' lang='lat' dir='ltr'>aliorumque</span> <span class='ocrx_word' id='word_1_193' title='bbox 1057 3230 1221 3294; x_wconf 81' lang='lat' dir='ltr'>veterum</span> <span class='ocrx_word' id='word_1_194' title='bbox 1254 3222 1369 3289; x_wconf 79' lang='lat' dir='ltr'>libris,</span> 
     </span>
     <span class='ocr_line' id='line_1_27' title="bbox 216 3325 1372 3419; baseline 0.006 -28"><span class='ocrx_word' id='word_1_195' title='bbox 216 3325 350 3402; x_wconf 85' lang='lat' dir='ltr'>Quibus</span> <span class='ocrx_word' id='word_1_196' title='bbox 363 3328 569 3396; x_wconf 86' lang='lat' dir='ltr'>auctoribus</span> <span class='ocrx_word' id='word_1_197' title='bbox 582 3330 650 3398; x_wconf 90' lang='lat' dir='ltr'>ista</span> <span class='ocrx_word' id='word_1_198' title='bbox 660 3332 822 3402; x_wconf 86' lang='lat' dir='ltr'>confecta</span> <span class='ocrx_word' id='word_1_199' title='bbox 832 3333 977 3416; x_wconf 82' lang='lat' dir='ltr'>tuerint,</span> <span class='ocrx_word' id='word_1_200' title='bbox 996 3335 1174 3402; x_wconf 85' lang='lat' dir='ltr'>incertum</span> <span class='ocrx_word' id='word_1_201' title='bbox 1186 3339 1240 3401; x_wconf 88' lang='lat' dir='ltr'>est</span> <span class='ocrx_word' id='word_1_202' title='bbox 1254 3355 1261 3401; x_wconf 92' lang='lat'>:</span> <span class='ocrx_word' id='word_1_203' title='bbox 1296 3332 1372 3419; x_wconf 93' lang='lat' dir='ltr'>qui-</span> 
     </span>
     <span class='ocr_line' id='line_1_28' title="bbox 215 3433 1370 3530; baseline 0.008 -31"><span class='ocrx_word' id='word_1_204' title='bbox 215 3433 281 3500; x_wconf 86' lang='lat' dir='ltr'>bus</span> <span class='ocrx_word' id='word_1_205' title='bbox 294 3440 414 3503; x_wconf 89' lang='lat' dir='ltr'>autem</span> <span class='ocrx_word' id='word_1_206' title='bbox 437 3437 532 3503; x_wconf 91' lang='lat' dir='ltr'>bono</span> <span class='ocrx_word' id='word_1_207' title='bbox 549 3436 695 3520; x_wconf 86' lang='lat' dir='ltr'>fuerint,</span> <span class='ocrx_word' id='word_1_208' title='bbox 715 3441 864 3510; x_wconf 87' lang='lat' dir='ltr'>minime</span> <span class='ocrx_word' id='word_1_209' title='bbox 881 3443 1042 3510; x_wconf 89' lang='lat' dir='ltr'>dubium.</span> <span class='ocrx_word' id='word_1_210' title='bbox 1055 3445 1148 3510; x_wconf 86' lang='lat' dir='ltr'>Haec</span> <span class='ocrx_word' id='word_1_211' title='bbox 1166 3463 1274 3530; x_wconf 93' lang='lat' dir='ltr'>opera</span> <span class='ocrx_word' id='word_1_212' title='bbox 1287 3463 1370 3530; x_wconf 82' lang='lat' dir='ltr'>sup</span> 
     </span>
     <span class='ocr_line' id='line_1_29' title="bbox 216 3544 1369 3641; baseline 0.014 -31"><span class='ocrx_word' id='word_1_213' title='bbox 216 3544 374 3630; x_wconf 88' lang='lat' dir='ltr'>posititia</span> <span class='ocrx_word' id='word_1_214' title='bbox 403 3548 570 3614; x_wconf 86' lang='lat' dir='ltr'>asanct-is</span> <span class='ocrx_word' id='word_1_215' title='bbox 597 3548 781 3637; x_wconf 88' lang='lat' dir='ltr'>doctisque</span> <span class='ocrx_word' id='word_1_216' title='bbox 807 3552 915 3620; x_wconf 90' lang='lat' dir='ltr'>etiam</span> <span class='ocrx_word' id='word_1_217' title='bbox 930 3553 1041 3636; x_wconf 73' lang='lat' dir='ltr'>virm,</span> <span class='ocrx_word' id='word_1_218' title='bbox 1068 3553 1120 3620; x_wconf 89' lang='lat' dir='ltr'>nil</span> <span class='ocrx_word' id='word_1_219' title='bbox 1137 3553 1219 3620; x_wconf 93' lang='lat' dir='ltr'>dolo</span> <span class='ocrx_word' id='word_1_220' title='bbox 1252 3551 1369 3641; x_wconf 80' lang='lat' dir='ltr'>suspi-</span> 
     </span>
     <span class='ocr_line' id='line_1_30' title="bbox 217 3653 1368 3750; baseline 0.013 -35"><span class='ocrx_word' id='word_1_221' title='bbox 217 3653 400 3735; x_wconf 91' lang='lat' dir='ltr'>cantibus,</span> <span class='ocrx_word' id='word_1_222' title='bbox 426 3677 490 3744; x_wconf 89' lang='lat' dir='ltr'>pro</span> <span class='ocrx_word' id='word_1_223' title='bbox 514 3657 682 3746; x_wconf 82' lang='lat' dir='ltr'>genuinis</span> <span class='ocrx_word' id='word_1_224' title='bbox 707 3681 832 3728; x_wconf 89' lang='lat' dir='ltr'>eorum</span> <span class='ocrx_word' id='word_1_225' title='bbox 856 3681 1008 3748; x_wconf 87' lang='lat' dir='ltr'>quorum</span> <span class='ocrx_word' id='word_1_226' title='bbox 1040 3663 1187 3730; x_wconf 90' lang='lat' dir='ltr'>nomina</span> <span class='ocrx_word' id='word_1_227' title='bbox 1209 3683 1294 3750; x_wconf 89' lang='lat' dir='ltr'>prae</span> <span class='ocrx_word' id='word_1_228' title='bbox 1331 3681 1368 3730; x_wconf 88' lang='lat' dir='ltr'>se</span> 
     </span>
     <span class='ocr_line' id='line_1_31' title="bbox 172 3755 1365 3842; baseline 0.011 -18"><span class='ocrx_word' id='word_1_229' title='bbox 172 3755 174 3758; x_wconf 76' lang='grc'><strong>’</strong></span> <span class='ocrx_word' id='word_1_230' title='bbox 216 3757 387 3842; x_wconf 84' lang='lat' dir='ltr'>ferebant,</span> <span class='ocrx_word' id='word_1_231' title='bbox 412 3763 535 3832; x_wconf 89' lang='lat' dir='ltr'>habita</span> <span class='ocrx_word' id='word_1_232' title='bbox 557 3772 655 3834; x_wconf 89' lang='lat' dir='ltr'>sunt.</span> <span class='ocrx_word' id='word_1_233' title='bbox 681 3770 722 3835; x_wconf 93' lang='lat' dir='ltr'>In</span> <span class='ocrx_word' id='word_1_234' title='bbox 744 3769 800 3836; x_wconf 90' lang='lat' dir='ltr'>his</span> <span class='ocrx_word' id='word_1_235' title='bbox 824 3775 944 3838; x_wconf 89' lang='lat' dir='ltr'>autem</span> <span class='ocrx_word' id='word_1_236' title='bbox 966 3771 1075 3840; x_wconf 82' lang='lat' dir='ltr'>facies</span> <span class='ocrx_word' id='word_1_237' title='bbox 1099 3771 1277 3840; x_wconf 86' lang='lat' dir='ltr'>Ecclesiae</span> <span class='ocrx_word' id='word_1_238' title='bbox 1301 3793 1365 3837; x_wconf 86' lang='lat' dir='ltr'>an-</span> 
     </span>
     <span class='ocr_line' id='line_1_32' title="bbox 215 3867 1363 3962; baseline 0.011 -27"><span class='ocrx_word' id='word_1_239' title='bbox 215 3867 336 3956; x_wconf 89' lang='lat' dir='ltr'>tiquae</span> <span class='ocrx_word' id='word_1_240' title='bbox 352 3869 422 3936; x_wconf 92' lang='lat' dir='ltr'>alia</span> <span class='ocrx_word' id='word_1_241' title='bbox 434 3872 633 3954; x_wconf 85' lang='lat' dir='ltr'>exhibetur,</span> <span class='ocrx_word' id='word_1_242' title='bbox 652 3896 761 3962; x_wconf 90' lang='lat' dir='ltr'>quam</span> <span class='ocrx_word' id='word_1_243' title='bbox 775 3877 944 3948; x_wconf 87' lang='lat' dir='ltr'>historiae</span> <span class='ocrx_word' id='word_1_244' title='bbox 962 3880 1224 3949; x_wconf 84' lang='lat' dir='ltr'>ecclesiasticae</span> <span class='ocrx_word' id='word_1_245' title='bbox 1239 3901 1363 3948; x_wconf 89' lang='lat' dir='ltr'>monu-</span> 
     </span>
     <span class='ocr_line' id='line_1_33' title="bbox 213 3977 1365 4066; baseline 0.013 -25"><span class='ocrx_word' id='word_1_246' title='bbox 213 3979 335 4045; x_wconf 88' lang='lat' dir='ltr'>menta</span> <span class='ocrx_word' id='word_1_247' title='bbox 350 3977 508 4066; x_wconf 83' lang='lat' dir='ltr'>genuina</span> <span class='ocrx_word' id='word_1_248' title='bbox 522 3999 600 4047; x_wconf 90' lang='lat' dir='ltr'>eam</span> <span class='ocrx_word' id='word_1_249' title='bbox 616 3981 724 4051; x_wconf 87' lang='lat' dir='ltr'>fuisse</span> <span class='ocrx_word' id='word_1_250' title='bbox 739 3985 1135 4056; x_wconf 84' lang='lat' dir='ltr'>ostendunt.Oontraria</span> <span class='ocrx_word' id='word_1_251' title='bbox 1148 3992 1270 4058; x_wconf 88' lang='lat' dir='ltr'>tamen</span> <span class='ocrx_word' id='word_1_252' title='bbox 1287 4009 1365 4058; x_wconf 86' lang='lat' dir='ltr'>sen-</span> 
     </span>
    </p>
   </div>
   <div class='ocr_carea' id='block_1_4' title="bbox 252 4201 1023 4293">
    <p class='ocr_par' dir='ltr' id='par_1_5' title="bbox 252 4201 1023 4293">
     <span class='ocr_line' id='line_1_34' title="bbox 252 4201 1023 4293; baseline 0.016 -29"><span class='ocrx_word' id='word_1_253' title='bbox 252 4201 300 4284; x_wconf 85' lang='lat'>(1)</span> <span class='ocrx_word' id='word_1_254' title='bbox 325 4201 568 4280; x_wconf 74' lang='lat' dir='ltr'>Observationes,</span> <span class='ocrx_word' id='word_1_255' title='bbox 589 4223 684 4287; x_wconf 79' lang='lat' dir='ltr'>supra</span> <span class='ocrx_word' id='word_1_256' title='bbox 702 4210 825 4287; x_wconf 86' lang='lat' dir='ltr'>citatae,</span> <span class='ocrx_word' id='word_1_257' title='bbox 848 4233 900 4293; x_wconf 88' lang='lat' dir='ltr'>pp.</span> <span class='ocrx_word' id='word_1_258' title='bbox 915 4214 1023 4276; x_wconf 83' lang='grc'><strong>58-62.</strong></span> 
     </span>
    </p>
   </div>
   <div class='ocr_carea' id='block_1_5' title="bbox 0 0 1734 5232">
    <p class='ocr_par' dir='ltr' id='par_1_6' title="bbox 0 0 1734 5232">
     <span class='ocr_line' id='line_1_35' title="bbox 0 0 1734 5232; baseline 0 1"><span class='ocrx_word' id='word_1_259' title='bbox 0 0 1734 5232; x_wconf 95' lang='lat' dir='ltr'> </span> 
     </span>
    </p>
   </div>
  </div>
 </body>
</html>
