3458 5232
842 437 1021 510 ..32-

351 589 463 660 altero
487 589 652 680 exemplo
675 588 830 658 adducto
861 609 905 658 ex
928 589 1167 659 Conciliorum
1189 590 1303 673 serie,
1328 609 1420 680 quae
1444 609 1509 680 pro

351 701 579 790 generalibus
603 701 647 768 ab
665 699 833 768 omnibus
855 719 951 768 nune
975 700 1164 784 habentur,
1182 705 1218 770 et
1231 721 1296 790 per
1317 702 1422 790 plura
1440 723 1511 770 sae

350 810 434 878 cula
446 816 488 879 ut
501 810 588 878 talia
608 809 647 876 in
662 807 861 879 universali
884 809 1042 878 Ecclesia
1053 808 1178 878 habita
1199 816 1294 880 sunt.
1313 811 1511 880 Concilium

351 917 786 1008 Constantinopolitanum
810 918 980 1007 primum,
1008 918 1105 1006 quod
1128 919 1224 990 inter
1246 922 1433 991 Generalia
1455 943 1510 990 se-

356 1029 514 1096 cundum
530 1034 752 1111 numeratur,
770 1049 844 1098 non
861 1035 937 1098 erat
953 1031 992 1097 in
1008 1051 1073 1098 sua
1089 1029 1328 1102 celebratione
1351 1051 1512 1101 oecume

355 1138 495 1219 nioum;
514 1159 596 1207 cum
613 1159 657 1207 ex
672 1139 906 1207 orientalibus
923 1145 1066 1208 tantum
1082 1139 1269 1229 episcopie,
1285 1140 1400 1228 iisque
1414 1141 1511 1209 haud

353 1267 485 1338 magno
513 1266 663 1317 numero
693 1249 873 1332 collectis,
905 1251 1125 1321 celebratum
1156 1251 1212 1320 sit.
1238 1253 1407 1320 Attamen
1438 1273 1512 1320 non

354 1360 496 1423 tantum
513 1355 760 1424 Macedoniani
780 1344 948 1440 errorem,
969 1356 1200 1426 Divinitatem
1224 1354 1377 1447 Spiritus
1393 1359 1512 1428 Sancti

353 1465 625 1554 impugnantis,
645 1465 795 1534 confixit
812 1519 820 1548 ‚
837 1467 901 1534 sed
916 1466 1125 1556 Symbolum
1137 1466 1266 1537 Niceae
1284 1467 1421 1535 editum
1440 1486 1512 1534 am-

355 1573 496 1663 pliavit.

401 1682 586 1753 Undenam
603 1686 855 1754 auctoritatem
868 1686 1018 1755 Concilii
1036 1686 1217 1755 Generalis
1247 1691 1371 1776 postea
1395 1686 1512 1774 acqui·

356 1793 454 1875 sivit,
474 1794 563 1862 adeo
578 1799 620 1862 ut
636 1794 680 1862 de
697 1815 738 1863 eo
753 1796 850 1864 haud
873 1797 992 1865 minus
1016 1817 1125 1885 quam
1140 1797 1184 1865 de
1199 1797 1368 1878 Niceano,
1395 1797 1511 1886 Ephe·

354 1901 432 1969 sino
450 1901 781 1984 ethhalcedonensi
797 1905 954 1972 valuerit
968 1903 1132 1994 Gregorii
1146 1905 1267 1994 Magni
1284 1905 1511 1973 notissimum

355 2009 506 2091 dictum,
529 2017 565 2079 et
588 2011 725 2080 nemini
749 2013 788 2080 in
810 2014 923 2082 veteri
940 2015 1096 2082 Ecclesia
1120 2014 1276 2095 licuerit,
1295 2015 1373 2101 ejus
1397 2004 1513 2083 decre-

356 2119 403 2187 tis
427 2119 466 2185 in
490 2121 598 2187 rebus
627 2119 714 2189 fidei
744 2123 939 2212 refragari?
962 2127 1014 2191 Ex
1038 2123 1283 2212 acceptatione
1312 2124 1510 2201 Ecclesiae,

356 2227 592 2296 consensione
624 2250 754 2319 nempe
778 2231 1033 2314 ecclesiarum,
1059 2231 1165 2300 iniis
1199 2232 1307 2300 fidem
1338 2254 1418 2300 cum
1441 2233 1512 2298 suis

359 2334 518 2423 ipsarum
541 2338 798 2407 traditionibus
823 2347 1097 2410 consentaneam
1122 2343 1403 2430 agnoscentium,
1419 2340 1506 2406 Huic

360 2445 600 2534 acceptationi
625 2447 752 2518 debuit
764 2451 839 2518 vim
855 2471 962 2538 quam
986 2451 1020 2520 ei
1035 2472 1141 2520 nemo
1159 2451 1372 2519 orthodoxus
1387 2451 1508 2536 postea

356 2555 513 2644 negavit.
540 2557 621 2624 Non
644 2558 797 2646 Spiritus
821 2559 941 2627 Sancti
973 2559 1010 2626 in
1035 2579 1076 2628 eo
1100 2561 1278 2648 loquentis
1307 2555 1510 2626 auctoritati

349 2653 468 2732 'cessit
490 2666 587 2734 orbis
611 2667 842 2751 Christianus,
870 2661 932 2736 sed
957 2669 1206 2738 infallibilitati
1229 2657 1406 2738 Ecclesiae
1425 2665 1513 2734 Uni-

165 2763 169 2778 '
299 2819 302 2824 -
357 2774 519 2857 vercelis,
538 2775 630 2843 illud
653 2777 861 2866 recipientis
886 2783 923 2847 et
937 2799 1001 2866 pro
1020 2799 1084 2847 suo
1101 2779 1240 2866 judicio
1263 2773 1516 2845 irretractabili

358 2879 538 2950 habentis.
557 2886 654 2951 Inter
675 2905 716 2953 ea
740 2905 830 2972 quae
853 2883 892 2952 in
915 2886 984 2954 isto
999 2885 1155 2953 Concilio
1180 2885 1323 2953 decreta
1350 2889 1434 2950 sunt
1456 2883 1516 2948 ha-

356 2990 464 3057 betur
482 2992 635 3061 elevatio
648 2993 747 3060 Sedis
765 2994 1177 3082 Constantinopolitanae
1201 2993 1246 3059 ad
1261 2993 1423 3060 altiorem
1440 3011 1517 3080 gra-

358 3097 443 3167 dum
458 3119 566 3188 quam
579 3106 684 3170 antea
697 3101 882 3182 habuerat
892 3101 930 3168 id
944 3100 1160 3188 quodetiam
1174 3105 1298 3189 postea
1308 3100 1347 3166 in
1358 3097 1516 3167 Concilio

357 3206 637 3277 Chalcedonensi
660 3209 824 3298 contigit.
841 3209 1010 3278 Attamen
1033 3208 1198 3276 neutrius
1213 3209 1407 3276 auctoritas
1428 3205 1515 3294 adeo

358 3315 475 3385 valuit
496 3323 539 3386 ut
561 3319 600 3386 in
622 3319 843 3387 Occidentali
878 3319 1004 3386 saltem
1029 3318 1186 3387 Ecclesia
1207 3317 1430 3407 perturbatio
1462 3335 1516 3380 or·

339 3421 454 3514 ,dinis
477 3425 704 3509 hierarchici,
730 3427 768 3493 in
783 3427 938 3496 Niceano
962 3425 1118 3493 Concilio
1142 3425 1304 3507 stabiliti,
1323 3443 1388 3512 per
1410 3423 1517 3489 istam

359 3533 628 3604 innovationem
640 3558 705 3625 pro
719 3536 884 3627 legitima
897 3535 1102 3617 haberetur;
1118 3541 1155 3605 et
1170 3535 1289 3624 quoad
1305 3535 1371 3602 hoc
1386 3531 1520 3600 utrius·

361 3661 432 3727 que
455 3646 649 3713 auotoritas
678 3647 723 3713 ab
747 3668 789 3715 ea
812 3648 945 3734 rejecta
968 3651 1031 3715 est.
1059 3646 1094 3715 Si
1118 3645 1271 3735 Spiritus
1296 3643 1415 3714 Sancti
1440 3661 1519 3709 auc·

329 3803 334 3815 .
361 3750 487 3818 toritas
511 3773 576 3841 pro
591 3754 749 3821 Concilio
773 3756 900 3824 saltem
915 3753 1206 3838 Chalcedonensi,
1226 3755 1323 3842 quod
1346 3754 1385 3822 in
1400 3773 1437 3821 se
1461 3769 1519 3841 ge·

256 3933 258 3936 ,
360 3858 481 3927 nerale
504 3865 592 3943 erat,
619 3860 781 3930 invocari
804 3862 938 3952 possit,
963 3883 1157 3952 quamnam
1182 3859 1428 3958 dis‘ciplinaria
1461 3860 1518 3928 de

360 3972 469 4052 crota,
495 3970 601 4057 quale
625 3976 702 4040 erat
724 3971 833 4056 illud,
859 3995 990 4044 novam
1016 3974 1137 4042 sedem
1160 3973 1436 4070 patriarchalem
1463 3970 1518 4036 in-

360 4074 496 4146 ducens
523 4085 559 4147 et
582 4101 690 4169 supra
717 4081 978 4151 Antiochenam
1004 4088 1040 4153 et
1063 4081 1405 4151 Alexandrinensem
1433 4097 1518 4147 eve-

291 4243 292 4246 ,
360 4183 462 4271 hene,
489 4207 531 4258 eo
555 4189 690 4258 auxilio
715 4191 869 4261 caruisse
893 4191 938 4259 ab
963 4191 1129 4262 omnibus
1153 4188 1387 4280 agnoscitur?
