3458 5232
758 1632 934 1710 CAPUT
959 1631 989 1707 1.

676 1861 821 1940 scetus
845 1861 1099 1954 quaestionis

343 2095 560 2166 Gravissima
577 2097 632 2161 est
643 2092 804 2180 quaestio
820 2111 929 2178 quam
937 2085 1163 2157 tractandam
1178 2085 1331 2174 suscepi.

343 2199 530 2290 Proposita
544 2197 706 2266 definitio
730 2195 940 2266 Pontificiae
963 2190 1234 2262 infallibilitatis
1258 2213 1302 2260 ex
1317 2213 1453 2261 canone

300 2332 408 2401 quem
424 2309 604 2398 subjungo
627 2308 713 2376 satis
730 2307 943 2375 innotescet.

342 2443 361 2487 «
385 2421 499 2508 Caput
522 2416 728 2485 addendum
757 2415 901 2486 decreto
928 2411 973 2481 de
998 2411 1149 2482 Romani
1168 2411 1353 2480 Pontifiois
1380 2411 1455 2480 Pri,

299 2534 409 2596 mato.

344 2657 362 2700 «
387 2637 590 2702 Romanum
612 2633 825 2703 Pontificem
854 2634 892 2704 in
920 2639 1029 2707 rebus
1044 2635 1130 2707 fidei
1147 2639 1184 2705 ot
1199 2650 1342 2698 morum
1369 2627 1457 2695 defi-

296 2740 442 2814 niendis
466 2759 584 2810 errare
606 2761 680 2808 non
702 2762 818 2830 posse.

346 2871 364 2916 a
390 2849 846 2918 SanctaRomanaEcclesia
859 2871 1041 2922 summum
1052 2859 1089 2922 et
1099 2849 1247 2942 planum
1259 2847 1457 2936 primatum

299 2962 336 3028 et
350 2957 596 3048 principatum
618 2977 726 3047 super
736 2959 940 3030 universam
955 2963 1150 3032 Ecclesiam
1162 2954 1380 3027 Catholieam
1396 2955 1456 3023 ob-

190 3167 192 3172 ,
298 3069 403 3152 tinet,
430 3087 538 3156 quem
552 3085 590 3135 se
607 3067 651 3134 ab
674 3067 753 3156 ipso
776 3069 924 3140 Domino
948 3072 987 3140 in
1003 3073 1108 3141 beato
1131 3072 1238 3137 Petro
1263 3064 1457 3156 Apostolo-

299 3199 380 3247 rum
394 3177 578 3268 principe,
594 3178 695 3266 cujus
712 3179 893 3250 Romanus
908 3181 1075 3251 Pontifex
1091 3187 1146 3251 est
1162 3200 1356 3262 successor,
1374 3197 1457 3246 cum

300 3286 486 3377 potestatis
502 3285 927 3378 plenitudine‚recepisso
935 3290 1112 3360 veraciter
1122 3289 1351 3358 ethumiliter
1361 3307 1459 3355 reco-

300 3395 452 3483 gnoscit.
472 3395 516 3462 Et
529 3391 624 3461 sicut
644 3415 730 3483 prae
747 3395 897 3464 caeteris
913 3401 1060 3466 tenetur
1074 3395 1161 3465 fidei
1176 3396 1384 3466 firmitatem
1400 3393 1458 3462 de·

299 3503 457 3586 fondere,
470 3503 521 3572 sio
537 3509 574 3572 et
589 3502 620 3570 si
637 3524 728 3592 quae
742 3501 786 3572 de
800 3503 871 3574 fide
887 3507 1053 3576 subortae
1068 3505 1203 3576 fuerint
1215 3506 1455 3595 quaestiones,

301 3633 365 3679 suo
382 3612 515 3688 debent
531 3611 669 3700 judicio
687 3613 830 3682 definiri
848 3615 901 3704 (t).
918 3618 962 3684 Et
984 3616 1071 3704 quia
1092 3637 1166 3684 non
1175 3620 1295 3706 potest
1317 3611 1458 3682 Domini

302 3721 422 3788 Nostri
436 3725 455 3788 J
457 3741 520 3789 esu
535 3720 665 3826 Christi
681 3723 921 3812 praetermitti
934 3725 1112 3793 sententia
1126 3725 1298 3794 dicentis:
1319 3745 1338 3790 «
1353 3726 1406 3791 'lu
1421 3741 1458 3789 es

302 3826 430 3897 Petrus
438 3835 474 3899 et
480 3849 587 3918 super
601 3830 1245 3921 hancpetramaedificaboEcclesiam
1254 3853 1371 3902 meam
1379 3830 1456 3921 (2),»

343 4073 393 4160 (1)
416 4075 464 4140 Ex
483 4077 668 4161 professione
687 4077 759 4145 fidei
779 4084 865 4148 edita
884 4102 903 4147 a
922 3999 1104 4150 evrestein
1123 4075 1216 4150 Cone.
1232 4087 1355 4151 Oscum.
1374 4084 1455 4165 Lug·

303 4175 374 4239 dun:
396 4177 441 4240 ΙΙ.

344 4274 394 4361 (2)
412 4277 526 4343 Maru.
546 4279 632 4344 xvl.
655 4277 705 4344 18.
