3458 5232
893 413 1071 485 ...11-

406 570 573 638 nonnulli
596 567 774 639 intereos
797 567 921 658 postea
951 564 1185 652 dubitarent,
1214 586 1261 636 au
1291 566 1432 638 litterae
1467 563 1561 636 acci-

329 715 331 720 *
405 671 560 766 piendae
583 680 718 760 essent,
740 673 835 744 facta
857 679 911 744 aet
933 674 979 742 iis
1001 674 1150 744 licentia
1173 674 1381 746 conferendi
1403 673 1563 745 testimo-

406 785 468 854 nia
488 792 633 876 petrum
658 801 741 856 cum
765 787 809 855 iis
834 805 926 875 quae
949 786 988 854 in
1004 786 1132 878 Leonis
1156 784 1307 875 epistola
1331 785 1562 856 contineban-

323 919 332 931 ·
404 903 476 966 tur:
496 897 534 964 id
548 897 647 986 quod
664 896 822 967 ostendit
846 895 1117 966 consensionem
1135 893 1331 975 doctrinae,
1349 915 1424 963 non
1440 891 1562 965 aucto-

403 1004 550 1076 ritatem
586 1007 751 1092 Leonis,
783 1007 828 1076 iis
861 1028 1045 1086 assensum
1080 1006 1301 1076 conciliasse.
1344 1007 1418 1075 Hoc
1461 1011 1564 1076 extra

407 1113 561 1182 dubium
585 1114 735 1203 ponitur
763 1136 807 1184 ex
830 1115 875 1183 iis
899 1136 990 1203 quae
1025 1113 1257 1204 contigerunt
1298 1134 1381 1183 cum
1418 1112 1561 1184 litterae

407 1223 607 1313 Agathonis
622 1222 661 1291 in
676 1224 783 1294 Sexta
799 1225 943 1313 Synodo
967 1222 1132 1294 Generali
1156 1223 1285 1294 allatae
1301 1227 1431 1304 essent
1458 1243 1561 1311 quae,

407 1331 494 1400 dum
518 1349 595 1400 rem
619 1331 779 1414 referret,
807 1330 950 1400 silentio
974 1330 1218 1421 praetermisit
1236 1317 1395 1424 'scriptor
1409 1330 1563 1400 Articuli

407 1445 444 1509 dc
466 1444 616 1510 Honorio
653 1442 692 1510 in
720 1441 876 1526 libello,
908 1443 968 1514 oui
998 1463 1158 1526 nomen,
1194 1443 1334 1512 Crvrnrl
1366 1444 1562 1511 Olmones.

416 1549 588 1624 1111111100
616 1551 866 1620 179-110110
891 1559 1016 1621 mense
1038 1551 1166 1621 Martio
1190 1571 1307 1641 nuper
1330 1551 1468 1640 elapso,
1492 1552 1563 1618 Ro-

414 1681 495 1730 mae
519 1661 629 1746 edite,
648 1667 692 1730 ut
712 1662 839 1731 lectori
862 1661 1002 1752 patebit
1026 1682 1071 1731 ex
1086 1661 1188 1734 brevi
1211 1660 1418 1732 narratione
1441 1680 1565 1730 eorum

413 1789 507 1860 quae
529 1775 617 1842 tunc
641 1773 900 1862 contigerunt.-

452 1881 494 1947 In
516 1880 658 1948 actione
682 1885 811 1968 quarta
773 1881 931 1950 tSexti
951 1881 1102 1950 Consilii
1124 1877 1307 1950 Generalis
1332 1877 1418 1948 ellat
1402 1883 1461 1948 tae
1479 1817 1566 1946 sunt

407 1987 467 2058 litt
451 1992 549 2059 torae
565 1989 660 2079 Agat
644 1990 765 2058 thenis
789 1990 833 2058 ab
858 1992 935 2078 ejus
950 1990 1092 2082 legatis
1114 1965 1178 2058 sed
1198 1987 1252 2056 nil
1268 1987 1313 2058 de
1328 1987 1386 2056 his
1401 1989 1469 2057 hac
1484 1987 1565 2057 vice

406 2091 542 2162 iactum
566 2100 631 2164 est.
651 2098 691 2164 In
716 2097 858 2165 actione
878 2097 1043 2186 septima,
1056 2095 1121 2164 (110
1138 2095 1217 2168 1311
1226 2093 1412 2164 Februarii
1427 2094 1564 2176 habita,

405 2207 519 2298 legati
541 2207 741 2298 Agathonis
766 2208 817 2278 sic
840 2210 1109 2298 Imperatorem,
1137 2208 1200 2296 qui
1224 2206 1349 2276 aderat
1372 2211 1408 2275 et
1429 2203 1565 2296 praesi-

408 2315 529 2398 debat,
554 2317 703 2388 allocuti
727 2323 824 2386 sunt:

453 2445 471 2490 «
495 2424 656 2494 Petimus
680 2447 701 2492 1
723 2427 793 2494 Deo
818 2423 997 2495 firmatam
1012 2431 1169 2496 vestram
1185 2424 1436 2496 fortitudinem
1451 2424 1563 2493 inter-

407 2531 531 2624 rogari
555 2533 762 2624 Georgium,
789 2534 1056 2607 sanctissimum
1080 2533 1391 2625 archiepiscopum
1413 2533 1522 2621 hujus
1545 2551 1568 2600 a

407 2647 478 2712 Deo
502 2644 772 2714 conservandae
796 2645 917 2736 regiae
940 2644 1052 2728 urbis,
1079 2649 1117 2713 et
1139 2644 1385 2733 subjacentem
1408 2643 1441 2712 ei
1465 2663 1568 2732 syno-

407 2750 507 2836 dum,
534 2772 675 2832 necnon
699 2757 735 2820 et
757 2751 974 2836 Macariurn,
1007 2751 1319 2843 archiepiscopum
1352 2752 1567 2822 Antiochiae

409 2859 579 2944 civitatis,
604 2865 642 2930 et
665 2860 844 2949 subjectos
868 2861 902 2932 ei
925 2862 1124 2952 episcopos,
1151 2861 1182 2930 si
1205 2861 1376 2932 convenit
1401 2861 1437 2930 ei
1459 2865 1564 2928 tenor

408 2971 621 3040 relectorum
638 2960 792 3038 duarum
809 2972 1096 3062 suggestionum,
1115 2971 1234 3054 idest,
1253 2970 1451 3062 agathonis
1468 2990 1564 3039 sanc·

412 3081 543 3150 tissimi
567 3099 680 3170 papae
704 3082 921 3179 apostolicae
946 3080 1040 3150 sedis
1063 3081 1233 3167 antiquae
1249 3083 1395 3162 Romae,
1421 3084 1459 3149 et
1481 3098 1562 3148 con·

410 3189 485 3260 01111
511 3189 544 3260 ei
568 3190 786 3276 subjacentis
811 3187 863 3256 »Γ

453 3299 541 3368 Gom
556 3300 755 3389 Imperator
770 3299 954 3368 annuisset
968 3299 1006 3368 id
1022 3300 1101 3370 fieri
1116 3300 1258 3382 debere,

453 3442 498 3461 —-
523 3409 750 3500 «Gregorius
781 3410 1026 3482 sanctissimus
1055 3407 1346 3500 archiepiscopus
1369 3407 1567 3476 Constanti·

411 3517 605 3608 nopoleos,
636 3524 674 3588 et
696 3519 871 3589 Macarius
905 3519 1151 3590 sanctissimus
1173 3517 1404 3601 Antiochiae,
1433 3522 1471 3586 et
1505 3518 1568 3606 qni

411 3647 494 3694 cum
524 3625 568 3693 iis
598 3632 725 3711 crant,
764 3627 958 3698 dixerunt:
1000 3627 1165 3698 Piissime
1202 3625 1350 3694 Domine
1365 3625 1379 3708 ,'
1412 3625 1569 3715 petimus

410 3741 453 3804 ut
475 3736 695 3825 exemplaria
717 3736 983 3828 praedictarum
1006 3735 1280 3830 suggestionum
1313 3735 1566 3826 percipiamus.

410 3846 651 3914 decurrentes
678 3865 835 3934 namque
858 3851 896 3915 et
918 3843 1141 3916 conferentes
1164 3841 1388 3928 testimonia,
1416 3861 1508 3932 quae
1531 3843 1570 3912 in

411 3952 456 4021 iis
485 3959 692 4024 sanctorum
706 3952 949 4044 probabilium
974 3957 1119 4044 patrum
1146 3972 1228 4020 cum
1255 3951 1441 4021 codicibus
1463 3951 1571 4038 hujus

411 4061 632 4133 venerabilis
664 4059 886 4153 patriarchii,
914 4059 954 4130 in
984 4058 1219 4149 subsequenti
1246 4058 1411 4128 dabimus
1424 4071 1570 4148 rospon-

410 4190 596 4242 sionem.»

1714 170 1718 222 1

1717 287 1718 362 1

1715 417 1718 504 1

1717 509 1718 552 l

1715 571 1718 726 1

1712 782 1719 874 1

1718 975 1719 1000 1
