3458 5232
716 339 760 366 ε.
781 310 819 386 aa
848 349 892 367 ..

224 468 361 541 exinde
378 467 556 541 acclesiae
579 479 710 558 scopo,
735 469 799 558 qui
822 473 880 539 est·
898 463 993 537 salus
1016 465 1243 550 animarum,
1268 462 1375 538 obre·

223 582 292 652 nit
317 581 396 652 Viri
416 577 602 684 Catholici,
616 577 913 686 licetCurialium
936 577 1133 660 sententias
1156 582 1374 664 aversantes,

224 689 402 762 Ecclesiae
425 685 673 776 addictissimi,
700 693 944 780 conceperunt
965 687 1208 773 formidinem,
1232 708 1291 773 ne,
1316 708 1377 758 ac-

223 799 358 890 quisito
380 791 548 870 Ponti-fici
567 800 649 889 jure
679 797 723 868 de
752 800 859 870 rebus
885 797 971 869 fidei
999 803 1036 869 et
1066 819 1208 868 morum
1230 797 1375 868 irretra-
1443 817 1446 825 ·

223 907 405 980 stabiliter
422 908 624 1000 judicandi,
649 908 736 982 novi
759 909 878 980 obices
901 915 1122 1000 ponerentur
1143 907 1376 979 scientiarum

223 1040 407 1090 sacrarum
429 1025 467 1090 et
488 1017 719 1111 profanarum
741 1021 959 1112 progressui.
985 1019 1177 1090 Vindicate
1199 1020 1296 1091 enim
1310 1041 1376 1112 po·

222 1134 335 1218 testas
356 1128 403 1199 de
425 1128 593 1199 omnibus
616 1151 707 1219 quae
728 1136 865 1201 remote
889 1131 996 1202 etiam
1018 1130 1216 1223 Religionis
1231 1131 1375 1202 Revela·

220 1244 280 1309 tae
301 1238 474 1312 veritates
497 1239 679 1331 attingant
697 1240 878 1330 judicium
899 1239 1062 1324 ferendi,
1087 1245 1225 1310 metum
1257 1240 1374 1311 incul-

224 1368 304 1421 care
326 1354 412 1440 apta
433 1349 635 1436 videbatur,
651 1370 697 1420 ne
713 1351 911 1422 sententiae
934 1350 1147 1421 inseveras
1171 1355 1234 1419 aut
1247 1350 1374 1420 saltem

224 1458 412 1546 innocuae,
438 1481 543 1530 sanae
567 1461 752 1533 doctrinae
775 1461 925 1534 nocivae
952 1459 1137 1529 Pontificis
1160 1458 1375 1530 consiliariis

223 1568 458 1656 viderentur,
483 1576 526 1641 ut
549 1572 704 1664 contigit
731 1572 771 1640 in
793 1572 932 1642 theoria
954 1569 1234 1655 heliocentrica,
1266 1591 1375 1660 quam

222 1697 306 1747 cum
328 1678 450 1749 verbis
473 1681 599 1752 Sacrae
622 1680 827 1770 Scripturas
852 1680 1018 1771 componi
1041 1700 1114 1748 non
1135 1698 1239 1770 posse
1262 1680 1376 1752 credi·

221 1787 354 1858 derunt
381 1791 563 1858 Romanae
590 1787 839 1878 inquisitionis
866 1793 956 1859 tunc
983 1789 1156 1880 temporis
1192 1789 1374 1859 consulto-

221 1918 289 1967 res.
315 1897 352 1966 Si
374 1897 462 1968 haec
486 1919 572 1970 vera
595 1898 669 1968 sint
690 1918 755 1987 pro
780 1886 981 1982 Catholicis,
1001 1896 1090 1985 quid
1103 1896 1177 1966 dici
1200 1897 1308 1968 debet
1330 1898 1378 1970 de

191 2019 193 2026 ’
224 2004 479 2077 dissidentibus
502 2013 581 2076 turn
607 2005 841 2076 orientalibus
869 2012 949 2075 tum
981 2004 1288 2085 occidentalibus,
1313 2009 1376 2096 qui

226 2112 307 2182 ideo
328 2117 484 2204 praecise
507 2117 552 2187 ab
576 2116 734 2188 Ecclesia
749 2122 912 2207 separata
925 2120 1084 2199 manent,
1102 2115 1200 2204 quod
1217 2135 1378 2188 aversen-

227 2222 522 2294 turPentificiam
545 2223 808 2308 auctoritatem,
827 2223 943 2313 qualis
965 2223 1035 2294 ista
1050 2225 1095 2292 ab
1119 2223 1286 2294 omnibus
1310 2225 1375 2294 Ca-

225 2328 368 2402 tholicis
398 2326 629 2424 agnoscitur,
655 2355 739 2402 cum
764 2353 843 2404 eam
873 2333 1040 2402 viderent
1068 2339 1223 2419 auctam,
1254 2333 1373 2402 immi·
1432 2381 1437 2394 .

220 2439 320 2509 nutis
342 2441 595 2533 cpiscoporum
614 2443 770 2532 juribus,
788 2449 826 2512 et
839 2442 935 2512 orbis
957 2442 1130 2512 Catholici
1152 2463 1242 2534 pace
1256 2443 1378 2514 turba·

218 2552 268 2618 ta.
284 2549 482 2620 Orientales
499 2556 596 2622 certe
618 2556 1048 2620 antecessorum‘sucrum
1070 2550 1235 2642 vestigiis
1257 2550 1378 2624 inhae

217 2663 339 2729 rentes
356 2660 478 2749 eisque
489 2659 639 2730 forsitan
653 2660 877 2751 pertinacius
888 2659 1106 2743 insistentes
1124 2663 1377 2749 protestantes-

218 2787 302 2859 que,
319 2767 417 2839 inter
429 2789 518 2857 quos
531 2775 607 2838 tam
622 2769 730 2838 multi
746 2774 831 2838 sunt
840 2769 1090 2840 ecclesiasticis
1103 2767 1304 2860 disciplinis
1318 2790 1378 2860 ap-

216 2875 334 2966 prime
358 2874 506 2958 exculti,
523 2875 585 2944 vix
607 2874 739 2945 adduci
753 2880 925 2966 poterunt
945 2880 988 2946 ut
1009 2877 1145 2946 bonum
1170 2875 1320 2946 unitatis
1343 2897 1378 2944 a·

215 2987 302 3055 vitis
316 2981 548 3076 praejudiciis
563 2990 834 3076 anteponerent;
856 2990 962 3055 aucta
983 2984 1250 3056 infallibilitatis
1280 2985 1376 3056 dono

186 3094 407 3165 ‚Pontificia
438 3095 651 3166 auctoritate
669 3148 677 3179 ,
711 3115 781 3183 quo
806 3113 950 3165 omnem
973 3115 1074 3185 spem
1095 3094 1175 3164 tolli
1198 3095 1249 3166 eis
1271 3093 1376 3166 vide·

216 3203 318 3273 bitur
340 3225 417 3275 eam
440 3207 485 3276 ad
507 3208 698 3298 pristinam
713 3205 866 3275 formam
879 3206 1043 3278 revocari
1059 3227 1173 3297 posse.
1191 3207 1377 3278 Faustiora

216 3332 361 3401 sperare
384 3314 519 3400 liceret,
546 3316 589 3400 si,
614 3315 749 3386 nedum
766 3317 850 3404 jura
866 3315 1083 3406 episcopalia
1104 3315 1373 3401 minuerentur,

215 3441 259 3492 ea
281 3421 526 3494 extensionem
549 3447 653 3514 quam
676 3425 715 3494 in
739 3424 888 3514 antiqua
910 3424 1067 3494 Ecclesia
1080 3425 1262 3495 habebant
1276 3429 1375 3497 recu·

215 3537 396 3620 perarant3
411 3538 458 3616 et,
468 3539 636 3604 manente
649 3534 795 3633 vinculo
812 3555 895 3605 cum
911 3533 1060 3605 unitatis
1075 3535 1276 3606 Catholicae
1294 3556 1374 3607 cen·-

218 3640 286 3722 tro,
309 3643 469 3710 Romana
491 3665 621 3734 nempe
644 3643 745 3726 Sede,
772 3642 891 3733 quoad
905 3643 1015 3712 fidem
1032 3649 1070 3714 et
1082 3644 1306 3736 generaliora
1322 3645 1374 3714 di-

218 3743 386 3834 sciplinae
402 3749 532 3839 capita,
547 3750 817 3841 permitteretur
831 3748 991 3821 ecclesiis
1003 3751 1257 3836 nationalibus,
1271 3773 1373 3843 prcu-

215 3852 337 3925 videre
358 3856 441 3940 sibi,
457 3879 523 3948 pro
538 3879 661 3929 rerum
673 3860 908 3950 locorumque
924 3859 1115 3950 adjunctis,
1131 3899 1176 3912 ·-
1191 3859 1279 3951 ipsis
1297 3881 1372 3934 cer·
1430 3875 1432 3884 ’

212 3966 250 4032 te
263 3964 394 4035 melius
407 3964 715 4040 innotescentibus
730 3989 838 4058 quam
851 3969 1116 4040 consultoribus
1130 3972 1371 4040 Romanarum

212 4069 558 4166 congregationum,
585 4077 718 4168 quibus
733 4085 887 4170 utraque
914 4079 1112 4152 necessario
1136 4083 1200 4152 aut
1224 4078 1373 4152 omnino
