3458 5232
726 395 903 518 -arss-

214 596 283 664 bus
297 595 476 677 tribuunt,
486 592 592 662 certis
602 597 724 661 tamen
736 591 862 680 positis
871 589 1150 675 conditionibus
1167 613 1254 681 quas
1263 615 1370 684 expo-

215 685 307 774 nere
324 726 398 772 non
415 707 469 772 est
480 703 586 790 hujus
607 701 690 769 loci.
716 700 835 768 Verba
851 699 1055 780 Salvatoris;
1088 721 1116 786 «-
1135 702 1203 768 Ubi
1219 703 1290 771 duo
1308 710 1371 773 aut

214 818 287 882 tres
303 811 513 903 congregati
523 809 704 878 fuerintin
721 807 867 876 nomine
876 810 1044 898 Me0,Ego
1062 809 1169 877 eroin
1185 811 1304 879 medio
1315 833 1372 880 eo·

217 945 298 992 rum
323 945 355 1004 »;
380 943 447 991 nec
470 942 544 990 non
566 918 738 1008 loquendi
761 917 937 986 rationem
953 917 1152 986 adhibitam
1168 919 1207 987 in
1225 921 1369 990 decreto

215 1029 538 1121 Hierosolymitano
554 1049 662 1116 supra
674 1026 842 1107 allato;-
853 1025 999 1093 «Visum
1007 1030 1061 1093 est
1073 1026 1224 1114 Spiritui
1241 1030 1369 1096 Sancto

215 1146 252 1208 et
267 1137 624 1208 nobie-adducunt
640 1135 678 1202 in
694 1134 943 1223 probationem
956 1134 1165 1217 sententiae,
1183 1133 1222 1202 in
1238 1157 1275 1205 se
1292 1137 1370 1226 qui·

216 1249 298 1318 dem
313 1249 532 1329 verissimae,
552 1247 654 1332 cujus
672 1249 793 1311 tamen
804 1242 897 1310 ratio
914 1243 1081 1332 ponenda
1096 1244 1204 1314 estin
1221 1266 1369 1316 consen-

216 1358 315 1426 sione
328 1358 572 1437 ecclesiarum‚
587 1373 696 1440 quam
709 1349 864 1420 concilia
873 1351 1059 1436 exhibent,
1075 1352 1196 1440 potius
1212 1375 1320 1442 quam
1330 1356 1370 1426 in

216 1465 311 1534 dono
327 1467 447 1554 aliquo
463 1461 746 1533 extraordinario
762 1460 858 1548 qnod
872 1459 1047 1549 episcopis
1062 1459 1151 1528 iniis
1160 1461 1370 1532 coadunatis
1467 1446 1472 1465 Χ

216 1576 307 1642 Deus
330 1574 456 1665 largiri
481 1575 679 1641 censeatur.
705 1569 871 1636 Infirmas
894 1589 1039 1657 prorsus
1062 1574 1147 1636 sunt
1170 1571 1368 1642 contrariae

215 1685 414 1752 sententiae
428 1680 670 1771 probationes
688 1697 780 1764 quae
795 1697 839 1746 ex
852 1677 971 1746 verbis
979 1678 1367 1765 supraallatiseducere

216 1794 332 1860 solent
346 1790 518 1879 theologi.
536 1789 607 1857 Vix
619 1787 774 1876 supponi
798 1788 904 1855 debet
919 1787 1098 1856 Christum
1121 1788 1277 1858 Concilio
1300 1792 1368 1858 Ge-

216 1899 352 1966 neralia
371 1899 586 1986 respexisse,
607 1918 689 1964 cum
711 1916 747 1962 se
765 1895 803 1962 in
826 1895 944 1963 medio
970 1895 1123 1963 duorum
1148 1896 1187 1963 in
1208 1917 1273 1964 suo
1299 1919 1364 1964 no·-

218 2006 315 2072 mine
332 2005 664 2094 congregandorum
678 2003 874 2072 affuturum
890 2003 1106 2093 promiserit;
1117 2005 1230 2072 multo
1246 2005 1366 2073 minus

220 2132 265 2179 ex
279 2133 321 2180 eo
334 2114 430 2200 quod
446 2111 608 2202 apostoli,
627 2112 779 2200 Spiritus
792 2113 910 2180 Sancti
919 2112 1022 2180 donis
1035 2111 1220 2194 cumulati,
1233 2113 1367 2202 scripse

220 2221 304 2288 rint:
320 2243 338 2288 (ι
354 2223 479 2289 Visum
494 2227 547 2290 est
558 2222 707 2310 Spiritui
722 2224 849 2290 Sancto
872 2227 908 2289 et
921 2220 1024 2288 nobis
1041 2243 1072 2302 >›,
1089 2259 1135 2270 -
1150 2220 1275 2289 eadem
1291 2241 1369 2288 ver·

218 2329 277 2410 ba,
304 2329 343 2396 in
360 2329 485 2397 eodem
500 2350 646 2418 prorsus
663 2327 781 2411 Sensu,
798 2330 842 2396 ab
859 2348 981 2396 eorum
1004 2326 1266 2396 successoribus
1286 2329 1368 2415 jure

213 2459 316 2526 posse
333 2438 509 2506 adhiberi.
528 2437 777 2506 Assistentiam
793 2436 940 2523 quidem
952 2435 1103 2524 Spiritus
1113 2435 1231 2504 Sancti
1239 2436 1277 2504 in
1284 2438 1369 2504 Con·

214 2545 303 2612 siliis
318 2547 550 2614 Generalibus
566 2546 730 2634 praeberi
747 2545 895 2612 minime
912 2543 1065 2624 inficior;
1076 2544 1138 2611 sed
1150 2543 1367 2614 vixferenda

215 2657 268 2718 est
284 2652 352 2718 ista
365 2651 538 2738 loquendi
555 2651 658 2733 ratic,
676 2672 747 2738 qua
762 2651 945 2720 videretur
967 2649 1058 2717 nihil
1070 2650 1109 2716 in
1121 2651 1363 2719 Conciliorum

217 2758 369 2828 decretis
385 2762 572 2844 contineri,
583 2761 652 2828 nisi
659 2781 749 2848 quae
756 2761 907 2849 Spiritus
920 2759 1039 2827 Sancti
1054 2758 1365 2850 dictaminescrip-

213 2870 251 2933 ta
266 2865 424 2950 fuerint;
450 2890 532 2936 oum
549 2890 593 2935 ex
608 2889 733 2936 eorum
750 2869 837 2936 actis
859 2869 996 2956 liqueat
1009 2867 1119 2934 fidem
1141 2867 1180 2934 in
1196 2868 1365 2937 conciliis

212 2974 342 3042 intuto
357 2977 511 3065 positam
528 2977 814 3058 esse,collatione
828 2977 1117 3045 testimoniorum
1132 2976 1366 3062 antiquorum

211 3089 354 3171 patrum
370 3086 489 3174 potius
505 3107 614 3173 quam
627 3108 630 3114 ·
642 3086 852 3154 auctoritate
867 3107 974 3174 quam
986 3086 1074 3173 ipsis
1088 3092 1305 3174 competere,
1322 3107 1366 3154 cx

212 3188 365 3280 Spiritus
380 3191 500 3260 Sancti
508 3191 710 3259 assistentia
726 3193 936 3275 derivatam,
952 3193 1103 3261 concilia
1116 3193 1364 3276 credidissent,

210 3296 252 3360 In
275 3295 436 3382 plurium
466 3297 575 3366 etiam
599 3297 834 3366 conciliorum
866 3300 954 3366 actis
977 3300 1151 3366 nonnulla
1174 3304 1369 3368 occurrunt

212 3423 302 3490 quae
319 3425 402 3472 cum
419 3405 487 3473 ista
503 3406 681 3474 sententia
694 3407 756 3474 vix
771 3409 938 3496 componi
954 3413 1098 3495 queant:
1119 3407 1245 3495 qualia
1260 3414 1363 3491 sunt,

213 3511 399 3582 citationes
412 3535 456 3582 ex
470 3515 572 3582 libris
588 3516 803 3604 apocryphis
818 3516 1015 3598 desumtae;
1031 3517 1194 3585 infirmae
1207 3515 1293 3584 fidei
1305 3539 1365 3586 ve-

213 3621 360 3690 ritatum
375 3625 622 3712 probationes,
650 3647 732 3693 cum
749 3645 792 3693 ex
807 3626 908 3716 regia
929 3627 989 3696 via
1001 3626 1206 3694 traditionis
1229 3625 1364 3694 doctri-

214 3745 280 3793 nae
289 3729 334 3794 ad
343 3734 652 3803 ratiocinationem
665 3735 966 3823 etsoripturarum
979 3735 1230 3825 allegationem
1240 3734 1364 3825 delap-

214 3853 295 3900 sum
311 3834 369 3915 sit;
398 3841 434 3904 et
447 3840 687 3909 humanorum
701 3842 895 3910 affectuum
914 3850 1032 3912 motus
1047 3842 1253 3924 vividioreS,
1274 3863 1365 3930 quos

210 3941 249 4009 in
261 3942 386 4010 multis
401 3964 523 4012 eorum
536 3948 616 4036 plus
633 3969 746 4036 aequo
759 3969 836 4017 sese
848 3950 1063 4032 exhibuisse,
1078 3970 1184 4037 nemo
1201 3947 1264 4036 qui
1278 3969 1364 4018 con-

211 4052 378 4122 ciliorum
393 4060 473 4123 acta
489 4058 716 4144 percurrerit,
732 4057 883 4126 inficiari
900 4065 1030 4149 potest.

212 4231 227 4252 ,
254 4168 325 4236 Ista
341 4167 523 4237 conclusio
540 4167 585 4234 ad
602 4167 819 4240 evidentiam
842 4192 955 4261 usquc
972 4173 1194 4263 perducitur,
1214 4191 1287 4242 uno
1301 4180 1365 4244 aut
