3458 5232
857 397 1034 474 ...22-

347 569 488 640 semper
503 547 593 640 regi,
610 545 699 618 adeo
716 551 759 618 ut
774 567 959 636 nunquam
975 547 1015 616 in
1025 547 1172 637 judiciis
1195 553 1301 634 erret,
1317 569 1500 640 nunquam

348 662 393 729 ab
410 657 624 728 inordinatis
640 656 827 728 affectibus
843 678 880 726 se
896 656 1012 746 abripi
1035 658 1243 747 permittere
1264 661 1389 756 pessit.
1408 663 1502 732 Haec

348 770 386 838 in
403 791 440 840 se
458 773 617 858 spectata
640 766 798 848 credere,
817 764 1073 834 difficillimum
1095 768 1176 835 erit:
1195 769 1424 857 praelucente
1440 794 1500 840 au·

348 883 422 947 tem
445 873 606 949 historia,
632 871 866 961 impossibile.
885 873 1007 958 Neque
1030 872 1171 941 dicatur
1190 877 1318 958 Deum,
1337 896 1418 944 cum
1442 877 1501 945 do-

349 1008 438 1055 num
453 982 670 1054 inerrantiae
682 980 848 1049 Pontifici
864 980 1068 1065 contulerit,
1086 1004 1159 1051 non
1183 985 1441 1072 permissurum
1458 993 1501 1054 ut

349 1096 441 1165 ferat
451 1091 630 1180 judicium
645 1095 788 1158 tantum
801 1089 841 1156 in
856 1088 974 1178 specie
991 1112 1027 1156 ar
1043 1092 1224 1175 Octhedrc,
1244 1114 1325 1162 cum
1340 1095 1502 1184 alioquin

288 1273 291 1290 ,
350 1201 513 1272 homines
537 1197 649 1267 errori
675 1194 876 1266 necessario
903 1195 1050 1264 obnoxii
1075 1203 1204 1266 essent.
1233 1202 1305 1268 Ista
1330 1201 1427 1270 enim
1452 1223 1504 1271 re-

348 1308 492 1399 sponsio
521 1304 693 1395 supponit
712 1303 808 1391 quod
833 1303 1059 1392 probandum
1090 1311 1221 1389 est,-
1236 1309 1347 1375 Deum
1373 1331 1502 1399 nempe

348 1415 516 1486 Pontifici
537 1415 576 1482 id
599 1412 686 1481 doni
701 1412 905 1480 contulisse.
922 1414 1099 1483 Ecclesiae
1120 1421 1239 1484 autem
1267 1416 1503 1486 infallibilitas

349 1525 442 1596 nulli
456 1523 662 1613 hujusmodi
676 1521 879 1592 difficultati
889 1522 1114 1606 obnoxiaest,
1131 1529 1173 1592 ut
1180 1546 1224 1592 ex
1234 1524 1395 1594 dicendis
1403 1525 1441 1594 in
1450 1549 1502 1596 ca·

351 1634 426 1723 pite
442 1636 485 1701 V.
504 1633 654 1720 patebit3
670 1654 752 1701 cum
763 1633 802 1699 in
818 1621 896 1720 ipse
911 1633 986 1720 ejus
1000 1633 1258 1702 constitutione
1269 1632 1452 1717 fundetur,
1468 1639 1504 1705 et

350 1743 496 1811 aliunde
513 1741 658 1810 divinae
673 1741 903 1810 Assistentiae
926 1742 1199 1832 promissionem
1222 1742 1341 1812 verbis
1356 1743 1502 1831 explici-

349 1852 397 1921 tis
410 1849 597 1939 receperit;
617 1851 828 1938 nullumque
843 1850 1098 1919 miraculosum
1120 1851 1367 1921 interventum
1381 1853 1501 1940 requi·

351 1962 419 2040 rat,
438 1978 521 2026 cum
536 1956 701 2024 omnibus
713 1956 816 2024 facile
833 1962 954 2044 patere
970 1958 1094 2046 possit,
1113 1979 1201 2025 num
1218 1957 1388 2028 ecclesiae
1407 1960 1503 2027 orbis

350 2074 528 2136 terrarum
544 2066 582 2133 in
598 2064 683 2134 fidei
699 2065 917 2155 professione
934 2067 1171 2148 consentiant
1185 2107 1230 2116 —
1242 2089 1342 2152 num,
1359 2071 1502 2156 quando

355 2174 406 2242 de.
413 2173 579 2242 Conciliis
596 2175 728 2264 agitur,
745 2175 904 2264 episcopi
919 2195 963 2243 ex
979 2175 1089 2243 variis
1106 2175 1234 2243 mundi
1246 2178 1408 2265 partibus
1425 2199 1503 2246 con·

353 2280 530 2363 venerint,
548 2280 586 2347 in
596 2279 753 2348 Concilio
768 2302 855 2350 vera
868 2280 1033 2349 libertate
1048 2281 1163 2372 gavisi
1178 2282 1323 2366 fuerint,
1340 2289 1387 2367 et,
1401 2285 1500 2352 colla-

351 2388 398 2459 tis
414 2389 510 2458 inter
526 2410 563 2457 se
578 2387 778 2470 sententiis,
789 2388 969 2475 judicium
983 2388 1178 2458 emiserint.
1208 2426 1211 2432 ·

715 2847 848 2893 DUPLEX
873 2842 1137 2892 INFALLIBILITAS

333 3101 341 3114 .
397 3056 437 3120 In
454 3051 636 3142 proposito
651 3049 917 3142 infallibilitatis
928 3048 1031 3116 Ponti
1036 3048 1138 3116 ficiae
1152 3066 1285 3116 canone
1298 3043 1432 3132 duplex
1446 3041 1501 3109 di-

354 3159 555 3250 stinguitur
570 3142 783 3226 inerrantia:
802 3158 978 3225 Ecclesiae
994 3178 1123 3246 nempe
1140 3163 1177 3225 et
1190 3152 1340 3223 Romani
1357 3149 1504 3218 Pontifi-

354 3271 418 3352 cis,
444 3291 534 3358 quae
557 3275 710 3356 utraque
734 3289 855 3358 parem
878 3268 1124 3338 extensionem
1146 3267 1277 3335 habere
1301 3264 1445 3332 dicitur.
1461 3301 1487 3310 -

353 3378 513 3448 Contulit
524 3399 608 3467 ergo
623 3378 782 3445 Christus
798 3377 973 3446 Ecclesiae
998 3377 1069 3443 duo
1093 3375 1212 3441 media
1234 3371 1394 3442 veritatis
1410 3387 1506 3435 asse-

354 3485 520 3574 quendae
537 3492 574 3554 et
589 3487 773 3566 tutandae;
792 3487 890 3554 aliud
914 3486 1066 3574 simplex
1081 3489 1118 3553 et
1133 3487 1361 3572 perpetuum,
1379 3474 1503 3544 Ponti·

259 3671 262 3677 ,
355 3596 432 3664 ficis
456 3597 594 3667 scilicet
615 3598 927 3678 infallibilitatem;
947 3597 1045 3665 aliud
1069 3602 1190 3666 autem
1212 3614 1330 3681 neque
1352 3592 1504 3679 simplex

354 3722 471 3790 neque
487 3694 714 3792 perpetuum,
725 3702 960 3770 conciliorum
976 3700 1197 3792 generalium
1212 3695 1501 3766 celebrationem.

352 3852 397 3862 -
413 3811 497 3890 Quis
512 3832 618 3881 sanus
634 3813 720 3880 haec
736 3811 805 3880 sibi
818 3811 1032 3901 persuadere
1048 3809 1187 3900 possit‘.l
1204 3808 1239 3876 Si
1252 3805 1436 3876 Pontificis
1453 3807 1506 3875 in-

353 3917 568 4003 fallibilitas',
593 3927 630 3989 et
653 3941 808 4008 eaquae
832 3919 1008 3989 Ecclesiae
1032 3939 1107 3988 esse
1131 3917 1355 4010 agnoscitur,
1381 3915 1506 3984 eadem

355 4028 419 4114 sit,
446 4053 468 4098 a
492 4050 563 4117 qua
589 4029 739 4120 proinde
767 4049 884 4117 neque
905 4033 989 4096 actu
1015 4047 1132 4115 neque
1157 4030 1334 4117 conceptu
1350 4023 1506 4110 separari

354 4137 479 4228 possit,
508 4143 596 4210 tunc
616 4159 741 4209 omnes
765 4138 861 4207 idem
888 4136 1061 4222 dicimus,
1089 4141 1127 4205 et
1150 4131 1394 4207 controversia
1418 4131 1507 4200 haec
