3458 5232
853 386 1031 458 ..4ss-

927 643 961 716 3.

408 863 563 933 Celebris
579 863 740 953 Scriptor
755 863 968 932 Vincentius
991 865 1207 948 Lerinensis,
1227 867 1290 954 qui
1306 868 1433 954 quinto
1450 889 1524 938 sae-

361 979 443 1047 culo
456 977 595 1072 lloruit,
615 977 728 1046 tradit
743 977 781 1042 in
796 976 1074 1044 commonitorio
1091 979 1254 1068 regulam
1272 979 1357 1047 fidei
1372 981 1524 1050 Catholi-

362 1109 424 1156 cae
439 1109 511 1174 qua
524 1085 661 1169 fideles,
676 1087 715 1154 in
733 1086 904 1155 conflictu
919 1088 1179 1155 sententiarum
1194 1089 1452 1178 episcopalium
1467 1090 1522 1157 di-

360 1194 575 1284 rigerentur.
593 1192 787 1262 Deficiente
811 1198 898 1262 tunc
922 1195 1048 1283 regula
1071 1217 1180 1283 quam
1202 1195 1412 1280 tradiderat,
1425 1235 1471 1246 -
1484 1196 1523 1264 id

360 1306 477 1373 solum
506 1305 706 1374 tenendum
734 1326 827 1388 esse,
846 1327 937 1383 ouon
963 1327 1117 1388 scursa,
1135 1326 1226 1382 ouon
1252 1327 1400 1389 osseus,
1430 1327 1521 1382 ouon

358 1433 402 1480 AB
432 1434 587 1481 occursus
611 1413 823 1496 tenebatur,
849 1434 931 1482 cum
955 1413 1115 1502 episcopi
1138 1412 1208 1501 ipsi
1231 1413 1327 1482 inter
1355 1433 1391 1481 se
1415 1412 1521 1479 dissi-

364 1522 515 1605 derent,
542 1523 762 1610 sequendam
801 1543 877 1590 esse
900 1522 1154 1609 antiquitatem
1183 1525 1219 1588 et
1248 1515 1523 1591 universitatem

363 1632 491 1699 saltem
504 1633 687 1719 majorem,
709 1632 834 1700 docuit
847 1630 1061 1713 Lerincnsis,
1076 1651 1121 1697 ne
1138 1615 1249 1699 uerbo
1265 1632 1412 1717 quidem
1428 1633 1521 1702 facto

362 1738 407 1806 de
426 1739 579 1806 Romani
601 1737 788 1806 Pontificis
814 1737 1040 1819 auctoritate,
1057 1735 1119 1822 qui
1141 1721 1255 1817 solus,
1269 1738 1374 1822 juxta
1394 1740 1520 1809 adver-

359 1847 483 1930 sarioS,
502 1868 566 1914 sua
589 1847 767 1915 sententia
781 1869 903 1916 omnes
923 1845 1184 1915 controversias
1200 1845 1368 1914 dirimere
1385 1850 1522 1936 potuis·-

361 1961 427 2022 set.
446 1958 525 2024 Non
550 1960 693 2023 tantum
717 1957 949 2024 Vincentium
973 1956 1080 2023 latuit
1106 1949 1344 2022 infallibilitas
1369 1959 1522 2026 Romani

360 2064 542 2153 Episcopi;
562 2064 623 2132 sed
638 2064 796 2134 Ecclesia
818 2070 906 2132 tunc
921 2062 1106 2152 temporie,
1124 2084 1216 2151 quae
1229 2065 1394 2132 libellum
1410 2066 1520 2134 istum

359 2174 515 2242 maximo
532 2175 571 2241 in
585 2173 702 2262 pretio
718 2175 948 2257 habuit-et
961 2174 1219 2261 posterioribus
1243 2175 1395 2243 saeculis
1412 2175 1521 2243 tradi·

360 2285 421 2378 dit
434 2305 476 2352 ea
492 2279 802 2352 commendatione
823 2305 930 2370 quam
946 2282 1109 2350 minuere
1133 2284 1376 2370 nequiverunt
1395 2305 1517 2350 recen-

359 2392 494 2460 tiorum
517 2397 722 2479 temporum
739 2391 1094 2479 doctrinae—plane
1115 2391 1307 2480 ignoravit,
1328 2395 1466 2481 praesto
1483 2389 1516 2457 ei

361 2519 503 2588 semper
516 2499 626 2567 fuisse
641 2499 804 2566 medium
819 2500 929 2566 fidem
943 2503 1262 2569 contranovatores
1274 2499 1426 2580 tutandi,
1438 2498 1516 2565 abs·

364 2631 433 2696 que
457 2609 693 2710 conciliorum
718 2610 945 2692 interventu,
971 2610 1009 2676 in
1034 2609 1248 2679 auctoritate
1271 2607 1470 2676 Pontificio.

919 2865 1015 2972 [ι’.

407 3085 499 3154 Ante
520 3083 765 3165 Vincendum,
792 3086 958 3178 irenaeus
982 3090 1019 3152 et
1040 3081 1278 3151 Tertullianus
1302 3077 1347 3144 ad
1371 3097 1519 3144 consen-

361 3196 500 3263 sionem
517 3195 760 3277 ecclesiarum,
780 3198 952 3280 tanquam
974 3192 1019 3258 ad
1036 3179 1121 3256 fidei
1141 3193 1323 3268 tesseram,
1342 3205 1518 3274 provoca-

359 3323 469 3374 vere:
495 3323 746 3389 necunquam
770 3298 934 3368 alterutri
957 3297 997 3364 in
1019 3301 1177 3363 mentem
1201 3292 1343 3362 venisse
1372 3292 1519 3362 videtur

364 3417 525 3481 errantes
541 3413 587 3480 ad
600 3412 856 3486 ,auctoritatem
870 3406 1022 3478 Romani
1037 3404 1223 3473 Pontificis
1251 3402 1396 3472 referre.
1418 3403 1517 3472 Cele-

362 3525 437 3593 bris
454 3525 560 3594 etiam
580 3527 681 3593 locus
696 3522 835 3593 Irenaei
866 3543 909 3589 ex
938 3520 1031 3586 libro
1047 3518 1178 3600 tertie,
1205 3515 1322 3605 capite
1338 3515 1382 3598 3,
1406 3537 1444 3582 n.
1470 3515 1514 3593 2,

362 3632 533 3704 adversus
549 3633 714 3701 haereses
732 3635 909 3718 sumptus
928 3626 992 3715 qui
1006 3631 1080 3694 tam
1097 3625 1253 3695 fidenter
1268 3625 1312 3690 ab
1336 3618 1518 3692 advocatis

362 3739 573 3809 Pontificiae
597 3725 865 3806 infallibilitatis
889 3733 992 3803 citari
1017 3733 1221 3816 consuevit,
1246 3751 1319 3800 non
1343 3735 1397 3798 est
1419 3726 1518 3795 aliud

363 3870 471 3936 quam
483 3847 676 3938 applicatio
692 3843 897 3936 argumenti
909 3864 954 3912 ex
969 3842 1200 3912 consensione
1216 3839 1447 3910 ecclesiarum
1458 3837 1518 3903 de-

362 3956 485 4039 rivati,
505 3956 603 4044 quod
620 3961 794 4042 tanquam
817 3952 972 4020 maxime
996 3950 1155 4021 validum
1181 3956 1306 4018 contra
1328 3946 1518 4016 novatores

363 4070 481 4156 urget.
501 4065 590 4133 Cum
606 4064 715 4146 enim,
734 4068 777 4131 ut
791 4062 892 4143 dicit,
911 4059 1073 4128 omnium
1097 4059 1328 4128 ecclesiarum
1350 4049 1517 4120 traditio-

362 4194 446 4243 nem
462 4193 626 4242 enarrare
642 4171 751 4240 nimis
766 4172 917 4261 longum
933 4174 1049 4264 esset,
1074 4168 1112 4237 in
1136 4166 1341 4255 exemplum
1363 4159 1519 4246 sumpsit
1536 4235 1540 4244 ⁴
