3458 5232
346 585 429 635 cum
453 568 604 651 utraque
626 563 794 633 videatur
816 586 837 632 a
859 585 895 632 se
919 563 1074 633 invicem
1098 563 1270 652 pendere,
1289 568 1325 632 et
1346 563 1441 634 inter
1456 583 1495 634 se

346 694 480 743 nexum
503 671 725 742 indivulsum
748 673 891 742 habere.
922 673 1035 741 Triste
1058 679 1112 742 est
1135 673 1221 740 haec
1245 671 1405 755 referre,
1431 672 1494 740 sed

344 804 408 850 sua
425 781 581 850 utilitate
597 802 670 850 non
687 788 784 851 caret
806 783 1115 852 incommodorum
1141 781 1318 872 praevisio
1335 834 1343 864 ,
1362 781 1493 870 quibus

345 910 428 958 cum
442 891 628 960 evenerint
644 911 721 959 sera
736 891 915 961 medicina
930 891 1125 982 parabitur.

386 998 507 1066 Finem
522 997 827 1086 hisimposituruS,
844 997 1124 1087 liceatscriptori
1136 1017 1249 1065 unum
1262 1001 1325 1064 aut
1336 997 1489 1064 alterum

338 1115 383 1174 e'x
402 1098 547 1175 motivis
563 1127 654 1194 quae
670 1107 823 1196 allegare
841 1112 1104 1176 consueverunt
1121 1105 1339 1174 definitionis
1356 1127 1488 1194 propo-

342 1215 431 1283 sitae
461 1215 655 1294 advocati,
681 1217 811 1304 quibus
828 1218 873 1284 ad
896 1238 973 1285 eam
989 1215 1191 1306 urgendum
1230 1221 1266 1284 et
1289 1215 1391 1303 quasi
1420 1215 1489 1302 ipsi

339 1323 449 1392 etiam
464 1321 631 1391 Pontifici
655 1326 956 1414 extorquendam,
983 1345 1020 1392 se
1037 1325 1121 1392 duci
1138 1324 1275 1392 dicunt.
1290 1322 1398 1390 Aliud
1422 1327 1486 1405 est,

342 1434 543 1501 Romanum
559 1432 770 1502 Pontificem
778 1435 816 1503 in
824 1435 1071 1523 praesentibus
1085 1454 1206 1502 rerum
1218 1432 1396 1520 adjunctis
1412 1452 1489 1497 mu-

342 1563 411 1611 nus
423 1541 492 1632 ipsi
507 1542 762 1611 demandatum
770 1545 961 1613 Ecclesiam
969 1539 1211 1614 Universalem
1219 1541 1368 1631 regendi
1381 1540 1491 1608 adim-

343 1652 442 1740 plere
466 1653 638 1740 nequire,
664 1655 709 1721 ob
730 1655 865 1736 ordinis
891 1655 1033 1722 moralis
1054 1659 1168 1722 totam
1197 1651 1298 1739 quasi
1318 1650 1492 1718 turbatio-

344 1781 439 1843 nem,
456 1782 546 1848 quae
561 1763 616 1832 his
631 1763 854 1852 temporibus
869 1766 1061 1852 praevalet;
1081 1762 1293 1830 cuinullum
1310 1758 1492 1847 aptiusre-

344 1868 504 1936 medium
540 1869 736 1959 excogitari
762 1870 874 1958 possit
901 1892 1006 1958 quam
1036 1869 1258 1938 auctoritatis
1282 1866 1491 1936 Pontificiae

344 1975 586 2061 confirmatim
604 2000 682 2048 eam
695 1984 795 2047 eitra
812 2001 954 2050 omnem
969 1981 1204 2048 dubitationis
1225 1979 1339 2046 aleam
1359 2000 1490 2068 ponen-

343 2085 408 2168 de,
448 2085 628 2156 infallibili
664 2089 846 2158 Pontificis
881 2088 1018 2176 judicio
1057 2089 1096 2155 in
1109 2090 1216 2155 rebus
1240 2086 1325 2154 fidei
1349 2094 1385 2156 et
1418 2110 1493 2156 mo-

344 2215 436 2276 rum,
462 2215 505 2262 ex
523 2196 700 2265 sententia
722 2196 902 2265 Generalis
926 2195 1085 2278 Concilii,
1104 2195 1273 2263 stabilito.
1292 2197 1339 2262 At
1352 2217 1416 2284 per
1432 2197 1492 2263 de-

344 2307 504 2370 cemocto
518 2305 669 2388 saecula,
695 2305 733 2372 in
754 2327 874 2374 rerum
898 2306 1076 2392 adjunctis
1099 2306 1207 2373 etiam
1231 2304 1488 2373 difficilioribus

344 2409 509 2478 Pontifex
532 2433 597 2479 sua
612 2412 736 2480 munia
756 2413 980 2502 adimplevit,
999 2419 1036 2480 et
1052 2413 1220 2480 ecclesiae
1231 2412 1441 2502 naviculam
1466 2430 1485 2474 a

343 2519 508 2604 procellis
523 2520 639 2588 adhuc
656 2522 865 2608 majoribus,
884 2522 1066 2612 agitatam,
1085 2523 1299 2590 incolumem
1317 2517 1485 2597 servavit;
1527 2553 1531 2562 ·

344 2627 432 2714 quin
444 2633 565 2697 tamen
587 2631 652 2698 ulli
670 2631 708 2698 in
721 2637 877 2699 mentem
893 2632 1033 2700 venerit
1049 2633 1240 2701 Ecclesiam
1256 2631 1371 2717 aliquo
1388 2629 1491 2716 adju-

344 2737 437 2803 torio
459 2738 612 2806 caruisse
637 2739 734 2826 quod
759 2740 803 2806 ad
827 2742 902 2828 ejus
927 2743 1232 2810 conservationem
1255 2736 1494 2807 necessarium
1599 2731 1602 2738 ’

346 2851 450 2914 esset.
474 2829 585 2914 rlrcae
610 2847 782 2915 titubanti
806 2850 933 2937 optimi
957 2850 1018 2926 isti
1041 2851 1112 2920 viri
1136 2871 1280 2918 manum
1302 2845 1494 2915 extendere

347 2955 485 3036 volunt,
512 2955 551 3022 in
567 2955 705 3024 Divinis
730 2957 837 3025 rebus
859 2958 1056 3027 rationibus
1077 2959 1243 3028 humanis
1270 2958 1351 3047 plus
1379 2975 1491 3044 aequo

345 3063 473 3132 innixi.
1527 3080 1530 3084 ·

389 3175 467 3241 Non
483 3171 547 3240 tali
561 3178 682 3240 tamen
696 3171 829 3240 auxilio
843 3177 985 3262 tempus
1000 3180 1092 3264 eget.
1102 3174 1305 3242 Auctoritas
1318 3173 1493 3243 Ecclesiae

345 3279 560 3347 stabilienda
571 3285 636 3363 est,
654 3302 726 3348 non
742 3302 821 3349 eam
836 3283 932 3351 ultra
946 3283 1034 3350 fines
1058 3284 1128 3373 ipsi
1146 3285 1165 3351 al
1182 3283 1318 3352 Christo
1341 3283 1493 3371 praesti-

343 3395 440 3458 tutos
455 3387 694 3472 extendendo
719 3388 782 3457 sed
798 3411 877 3459 eam
893 3392 988 3458 intra
1010 3392 1095 3460 istos
1120 3390 1347 3460 continendo.
1364 3389 1495 3478 Populi

346 3520 420 3568 non
443 3505 528 3568 sunt
549 3501 593 3566 ab
608 3501 764 3568 Ecclesia
792 3502 984 3586 alienandi,
1014 3508 1113 3570 metu
1137 3501 1181 3569 iis
1207 3501 1348 3568 incusso
1370 3519 1415 3566 ne
1435 3500 1494 3585 ju-

346 3629 446 3696 gum,
480 3608 576 3696 quod
608 3629 644 3676 se
672 3611 862 3698 projecisse
894 3612 962 3679 sibi
989 3610 1242 3700 persauserint,
1278 3608 1408 3674 iterum
1438 3627 1495 3672 su-

344 3717 465 3799 beant,
484 3737 567 3784 cum
583 3738 674 3804 quae
685 3720 761 3805 jam
777 3719 873 3808 apud
884 3721 1004 3808 plures
1016 3720 1178 3796 nationes
1193 3717 1340 3807 politiae
1358 3715 1495 3804 princi-

345 3829 406 3917 pia
417 3829 877 3924 obsoleverint—feliciter
900 3839 1068 3914 autnon,
1094 3835 1221 3919 parum
1238 3828 1357 3910 refert,
1370 3826 1495 3894 -sibi

345 3942 519 4025 tanquam
527 3938 679 4009 totidem
703 3940 788 4008 fidei
804 3941 984 4023 articulos,
1011 3962 1073 4009 seu
1087 3941 1151 4006 sub
1169 3938 1406 4016 anathemate,
1433 3931 1496 4002 im·

346 4045 503 4134 positum
518 4049 563 4116 iri
576 4049 768 4143 audierint.
788 4050 968 4119 Gubernia
991 4050 1114 4118 civilia
1136 4053 1220 4115 sunt
1239 4047 1359 4136 potius
1379 4043 1494 4111 conci·

345 4154 477 4240 lianda,
493 4157 689 4244 quandoid
706 4157 784 4228 fieri
798 4160 932 4250 poterit
946 4160 1079 4247 absque
1096 4157 1180 4228 fidei
1194 4157 1363 4238 laesione,
1387 4175 1494 4241 quam
