3458 5232
844 435 1019 510 ...23-

362 588 476 656 tentia
500 603 685 674 nunquam
697 583 943 654 defensoribus
958 584 1086 668 caruit,
1108 591 1145 653 et
1167 603 1231 676 per
1251 586 1375 656 decem
1389 588 1514 656 saltem

360 701 480 787 priora
501 695 679 766 Ecclesiae
695 695 837 764 saecula
848 694 923 763 sola
938 699 1083 784 recepta
1099 700 1164 766 est.
1180 695 1234 764 Ab
1249 694 1442 766 undecimo
1458 716 1515 764 au·

361 809 435 873 tem
449 805 604 886 saeculo,
623 803 768 892 quando
791 805 1007 874 Graecorum
1024 803 1178 872 schisma
1193 802 1328 874 factum
1345 809 1410 886 est,
1429 822 1512 872 cum

360 912 471 982 totius
481 911 554 982 iere
567 913 844 1007 Christianitatis
858 912 984 1002 populi
991 911 1283 1002 inpetriarchatu
1297 914 1512 983 occidentali

361 1023 647 1106 continerentur,
673 1023 814 1112 accepit
830 1023 926 1092 viros
940 1023 1119 1104 sententia
1135 1024 1198 1092 illa
1214 1028 1251 1092 et
1265 1022 1433 1107 invaluit,
1452 1023 1516 1092 mi-

361 1132 455 1202 seria
476 1137 679 1221 temporum
705 1132 965 1216 obscuriorum,
992 1137 1029 1201 et
1050 1131 1095 1201 iis
1119 1133 1267 1203 artibus-
1286 1151 1375 1221 quas
1406 1153 1515 1222 supra

361 1243 653 1326 commemoravi,
679 1243 802 1331 adjuta
823 1247 861 1311 et
882 1241 984 1331 quasi
1008 1241 1228 1313 confirmata.
1246 1245 1326 1312 Non
1342 1248 1396 1312 cst
1409 1263 1513 1332 prae-

362 1349 581 1418 mittendum
604 1351 724 1438 plures
754 1349 818 1437 qui
848 1348 882 1417 ei
909 1349 1128 1438 patrocinari
1153 1350 1270 1439 primo
1292 1355 1440 1439 aspectu
1465 1349 1514 1417 vi-

364 1457 529 1542 deantur,
555 1458 782 1528 Pontificiam
805 1458 1103 1529 Infallibilitatem
1116 1481 1198 1530 cum
1221 1481 1376 1548 eaquae
1401 1459 1517 1528 Eccle-

364 1565 438 1635 siae
461 1573 516 1638 est
539 1567 758 1650 confudisse,
783 1573 820 1637 et
840 1568 992 1658 proinde
1015 1590 1089 1638 non
1112 1569 1182 1638 nisi
1205 1555 1324 1640 verbis
1341 1592 1362 1637 a
1378 1573 1516 1640 senten·

318 1688 326 1706 ⁶
362 1674 414 1745 tia
435 1684 558 1748 nostra
581 1678 788 1750 dissensisse
811 1679 969 1748 habendi
991 1685 1087 1748 sunt.

810 1893 988 1971 CAPUT
1027 1895 1067 1969 V.

675 2101 891 2176 Ecclesiae
913 2101 1197 2174 Intellibilitae

407 2321 586 2392 Ecclesiae
609 2321 846 2390 infallibilitas
869 2323 907 2390 in
931 2323 1026 2390 clara
1048 2322 1129 2390 luce
1152 2321 1319 2409 ponenda
1332 2325 1386 2388 est
1416 2324 1454 2384 ut
1470 2317 1514 2380 ob

365 2432 687 2512 oculoshaboatur,
713 2430 847 2518 inquo
876 2430 1058 2513 consistat,
1091 2435 1128 2498 et
1146 2431 1277 2518 quibus
1290 2427 1515 2510 mediissarta

365 2544 530 2628 tectaque
541 2542 770 2610 serveturEx
783 2540 912 2608 Christi
923 2539 1172 2630 promissione,
1183 2530 1517 2628 quodportaeinteri

366 2655 491 2718 contra
500 2649 695 2720 Ecclesiam
703 2671 889 2738 nunquam
912 2651 1174 2739 praevaliturae
1185 2651 1267 2732 sint,
1289 2651 1427 2718 constat
1441 2663 1519 2712 eam

366 2779 507 2850 semper
522 2759 745 2844 duraturam,
763 2781 997 2848 necunquam
1010 2783 1031 2828 a
1042 2761 1114 2830 fide
1127 2761 1279 2832 deficere
1293 2780 1408 2849 posse.
1423 2757 1522 2824 Idem

369 2869 543 2958 probatur
553 2889 597 2938 ex
606 2869 726 2937 verbis
735 2869 921 2940 Christi'ad
929 2871 1119 2960 apostolos:
1132 2854 1241 2939 «ecce
1258 2891 1325 2960 ego
1336 2867 1523 2940 vobiscum

368 2998 447 3046 sum
463 2978 630 3046 omnibus
644 2977 771 3046 diebus
786 3000 899 3066 usque
923 2980 969 3046 ad
982 2980 1327 3048 consummationem
1341 2975 1469 3044 mundi
1485 2998 1516 3042 ιι.

372 3089 412 3154 Ιιι
429 3086 507 3176 ipsa
524 3088 633 3154 etiam
644 3087 821 3156 Ecclesiae
844 3087 991 3156 notione
1005 3088 1188 3168 fundatum
1207 3086 1348 3156 sienim
1366 3083 1524 3154 Ecclesia

372 3197 392 3262 a
417 3195 489 3264 fide
515 3195 667 3264 deficere
691 3201 830 3284 posset,
848 3195 1012 3264 homines
1026 3195 1227 3266 necessario
1243 3195 1283 3264 in
1296 3214 1452 3262 errorem
1467 3192 1523 3260 in-

373 3303 604 3385 ducerentur;
631 3327 714 3373 cum
727 3327 770 3375 ex
783 3307 853 3374 alia
875 3311 977 3395 parte
1001 3306 1194 3374 Ecclesiam
1218 3305 1342 3379 audire
1365 3311 1525 3372 teneren-

372 3418 457 3496 tur;
484 3435 529 3484 ex
552 3414 623 3482 alia
644 3420 766 3484 autem
790 3415 968 3484 Ecclesiae
992 3414 1126 3484 erranti
1150 3414 1390 3501 obsequendo,
1417 3411 1525 3480 fidem

370 3525 503 3594 sanctis
527 3526 698 3595 traditam
721 3527 886 3597 deserere
911 3532 1136 3616 cogerentur.
1164 3523 1341 3593 Ecclesiae
1357 3522 1525 3590 infallibi-

370 3635 453 3702 litas
466 3655 542 3702 sese
565 3634 728 3703 extendit
751 3634 796 3704 ad
820 3635 941 3703 omnia
963 3639 1000 3702 et
1014 3634 1188 3720 solaquae
1201 3632 1359 3700 Christus
1384 3635 1525 3721 aposto-

371 3745 425 3814 los
440 3745 623 3827 docuerat,
639 3745 716 3814 sive
729 3764 794 3834 per
809 3765 846 3812 se
861 3744 940 3812 sive
952 3763 1016 3832 per
1032 3742 1206 3831 Spiritum
1219 3743 1401 3824 Sanctum,
1417 3761 1525 3828 quem

376 3855 547 3944 apostolis
571 3854 631 3924 die
652 3857 880 3924 Pentecostes
904 3853 1114 3934 immiserat;
1140 3871 1223 3918 nam
1239 3856 1321 3941 post
1343 3851 1523 3920 Christum

374 3964 475 4034 nulla
496 3983 591 4034 nova
604 3963 777 4033 revelatio
796 3961 980 4032 doctrinae
996 3960 1219 4030 admittenda
1236 3966 1302 4030 est.
1320 3960 1527 4050 Depositum

373 4075 471 4157 fidei,
497 4096 519 4140 a
541 4073 679 4142 Christo
703 4073 755 4141 sie
778 4078 979 4163 acceptum,
1006 4070 1183 4139 Ecclesiae
1207 4071 1390 4140 custodiae
1414 4070 1527 4137 tradi-

372 4193 453 4255 tum
476 4187 542 4269 est,
568 4203 612 4253 ea
632 4182 713 4275 lege
736 4188 779 4255 ut
801 4181 854 4254 nil
877 4180 964 4252 novi
987 4179 1021 4250 ei
1045 4179 1203 4265 accedat,
1228 4179 1281 4252 nil
1304 4180 1338 4273 ei
1363 4180 1527 4252 detraha-
