3458 5232
842 459 1020 531 ...2ss-

354 614 512 699 accepta,
521 610 701 680 Christum
716 613 833 695 Petr0,
852 614 998 701 ejusque
1018 612 1292 694 successoribus,
1307 631 1510 700 supremam

357 722 608 790 auctoritatem
624 721 663 789 in
677 722 784 790 rebus
804 722 913 790 etiam·
927 722 1184 810 temporalibus
1202 721 1405 790 contulisse.
1423 725 1508 789 Eam

356 829 496 912 duobus
513 830 666 920 gladiis,
692 851 781 917 quos
803 831 954 919 apostoli
970 836 1075 898 nocte
1092 851 1221 899 coenae
1235 831 1383 898 Domino
1401 831 1508 901 obtu-

355 937 483 1022 lerant,
502 940 695 1008 indicatam
712 939 844 1023 fuisse,
868 940 976 1007 nimis
993 939 1122 1007 callida
1136 932 1376 1028 responsionis
1397 942 1504 1027 Ejus:

357 1048 470 1115 «satis
487 1052 616 1115 ests-
627 1047 935 1135 interpretatione,
946 1047 1154 1128 hauserunt,
1171 1051 1207 1114 et
1219 1047 1257 1113 in
1270 1046 1343 1112 suis
1356 1046 1509 1116 decretis

356 1153 633 1247 promulgarunt
646 1155 838 1224 Pontifices
852 1157 1015 1224 Romani.
1035 1159 1107 1224 Nec
1126 1156 1222 1223 intra
1246 1155 1377 1224 limites
1403 1158 1508 1225 scho-

353 1263 471 1332 larum
486 1271 549 1332 aut
564 1265 798 1334 decretalium
811 1266 1047 1332 assertionum
1059 1265 1128 1331 ista
1143 1265 1320 1332 sententia
1333 1263 1506 1334 constitit.

351 1372 392 1439 Ei
414 1373 652 1459 adhaerentes
663 1380 700 1442 et
713 1374 801 1456 nixi,
820 1373 1011 1442 Pontifices
1028 1373 1179 1440 Romani
1193 1393 1295 1461 reges
1311 1373 1502 1460 deponere,

352 1501 535 1571 regnaque
560 1502 684 1550 eorum
711 1481 749 1548 in
773 1482 861 1551 alios
884 1482 1134 1564 transferre‚et
1156 1500 1359 1568 supremam
1382 1500 1502 1548 rerum

352 1588 606 1676 temporalium
622 1589 872 1656 auctoritatem
888 1589 927 1655 in
943 1585 1140 1655 ditionibus
1163 1585 1288 1654 alienis
1313 1607 1500 1680 exercere,

355 1702 428 1778 aut,
447 1703 489 1764 ut
503 1717 567 1785 per
584 1696 672 1764 alios
683 1703 920 1778 exerceretur,
935 1701 1168 1764 attentarunt.
1184 1698 1291 1762 Extra
1304 1695 1423 1763 forsan
1439 1700 1504 1765 Ro·

353 1825 500 1872 manum
517 1807 668 1888 Clerum,
687 1807 725 1872 in
742 1807 843 1894 cujus
860 1807 1008 1894 Proprio
1024 1803 1145 1873 Officio
1161 1807 1193 1872 S.
1213 1805 1399 1872 Zachariae
1416 1825 1502 1893 pau-

352 1914 402 1982 cis
419 1914 549 1982 abhinc
566 1915 704 1998 diebus,
721 1917 886 2005 legimus,
903 1939 986 1985 eum
1002 1939 1154 2006 regnum
1162 1920 1379 1983 Francorum
1393 1917 1431 1982 in
1446 1916 1503 1984 Pi-

352 2007 935 2113 pinumaChildericoauctoritate
945 2027 1139 2115 apostolica
1147 2026 1414 2108 transtulisse‚—
1422 2027 1503 2114 quis

352 2135 549 2203 hodiedum
565 2135 652 2202 haec
666 2155 738 2202 non
755 2141 911 2224 respuat,
928 2157 1001 2203 non
1016 2135 1189 2223 deploret,
1210 2140 1257 2216 et,
1284 2140 1347 2201 aut
1367 2135 1407 2202 in
1429 2159 1503 2205 ma-

352 2243 432 2311 litia
446 2248 662 2332 temporum,
682 2244 796 2310 autin
812 2244 963 2312 Romani
979 2244 1123 2332 Imperii
1141 2243 1417 2326 constitutione,
1439 2252 1502 2313 aut

354 2354 393 2420 in
411 2373 587 2421 consensu
603 2353 728 2420 saltem
747 2352 923 2441 implicito
941 2353 1042 2420 Orbis
1054 2352 1244 2419 Christiani
1256 2353 1496 2440 —aliqualem

358 2463 487 2530 horum
520 2463 788 2530 excusationem
820 2463 983 2532 invenire
1000 2484 1072 2530 non
1091 2462 1267 2531 conetur?
1282 2461 1352 2549 Ipsi
1379 2465 1498 2526 tamen

357 2572 511 2638 Romani
539 2569 731 2650 Pontifices
746 2593 822 2666 earn
852 2585 960 2660 quam
977 2573 1045 2639 sibi
1060 2572 1275 2660 arrogabant
1290 2571 1500 2659 potestatem

353 2679 503 2748 Divinae
519 2680 738 2747 ordinationi
770 2686 950 2770 acceptam
976 2681 1052 2748 'non
1067 2681 1173 2748 modo
1200 2681 1401 2748 retulerunt
1417 2677 1500 2759 ,sed

351 2809 430 2855 eam
444 2789 659 2856 sententiam
673 2789 712 2854 in
727 2788 812 2856 fidei
834 2789 1026 2856 articulum
1040 2790 1196 2878 erigere,
1212 2794 1387 2875 quantum
1401 2787 1440 2854 in
1455 2786 1500 2854 iis

354 2877 453 2978 erat,
479 2902 713 2964 attentarunt.
740 2897 947 2964 Bonifacius
965 2901 1070 2979 VIII,
1097 2898 1135 2964 in
1160 2897 1261 2964 Bulla
1291 2900 1399 2962 Unam
1422 2895 1507 2961 Soa-

352 3014 449 3086 ctom,
471 3009 552 3092 post
573 3005 723 3071 allatum
739 3007 961 3093 praeclarum
985 3006 1139 3072 duorum
1163 3005 1365 3094 gladiorum
1388 3023 1506 3070 exem-

353 3111 482 3198 plum,
516 3110 568 3176 ita
597 3111 817 3178 declaravit:
851 3132 869 3176 «
902 3115 1010 3178 Porro
1034 3113 1177 3179 subesse
1201 3115 1359 3178 Romano
1383 3109 1504 3176 Ponti-

354 3219 415 3288 fici
432 3239 573 3287 omnem
590 3221 784 3287 humanam
800 3225 999 3288 creaturam
1014 3221 1246 3302 declaramus,
1263 3220 1427 3302 dicimus,
1448 3219 1505 3286 de·

353 3326 511 3409 finimus,
531 3333 567 3395 et
581 3330 857 3418 pronuntiamus
873 3329 1018 3396 omnino
1034 3349 1109 3396 esse
1126 3329 1170 3396 de
1185 3328 1397 3396 necessitate
1413 3327 1505 3394 salu·

261 3487 264 3495 .
353 3437 412 3504 tis.
432 3457 449 3503 »
466 3439 624 3514 —Quod
640 3438 684 3507 de
700 3439 921 3526 subjectione
937 3438 975 3504 in
990 3438 1248 3525 temporalibus
1264 3439 1406 3505 locutus
1432 3437 1502 3516 sit,

353 3531 494 3612 nemini
504 3545 542 3612 in
555 3551 713 3616 mentem
730 3548 895 3614 dubitare
910 3547 1031 3615 venire
1055 3552 1185 3635 posset,
1208 3545 1275 3632 qui
1296 3566 1416 3614 rerum
1440 3543 1504 3611 ad-

346 3652 524 3737 junctain
541 3652 671 3740 quibus
687 3653 907 3741 praedictam
924 3653 1063 3734 Bullam
1080 3652 1324 3740 promulgavit
1337 3671 1503 3740 perspec-

348 3765 386 3826 ta
410 3759 601 3842 habuerit,
628 3765 664 3827 et
686 3781 829 3828 sensum
863 3781 970 3846 quem
994 3759 1027 3827 ei
1049 3760 1164 3827 inesse
1200 3760 1401 3828 docuerunt
1429 3782 1505 3850 gra·

350 3867 488 3936 vissimi
511 3868 683 3959 theologi,
702 3869 824 3956 quales
848 3873 932 3935 sunt
955 3869 1093 3950 Suarez,
1120 3868 1182 3956 qui
1207 3869 1409 3937 doctrinam
1433 3870 1503 3937 ini-

350 3975 388 4043 bi
412 3975 636 4043 enuntiatam
666 3976 711 4043 ad
745 3976 913 4066 dogmata
946 3974 1032 4045 fidei
1066 3977 1245 4065 pertinere
1280 3977 1431 4059 asserit,
1470 3983 1506 4045 et

348 4085 596 4168 Bellarminus,
627 4085 702 4174 qui,
736 4097 812 4153 eam
842 4085 1009 4168 referens,
1035 4085 1097 4176 ait
1114 4107 1132 4153 «
1147 4107 1221 4153 non
1250 4106 1325 4155 esse
1340 4107 1417 4154 rem
1440 4086 1503 4154 du-
