3458 5232
857 387 1034 460 ...48-

816 647 992 729 CAPUT
1017 645 1076 722 IV.

672 860 894 938 Pontificio
914 853 1210 932 Infalllbllitas.

409 1081 617 1172 Expendens
633 1081 715 1151 volo
729 1079 904 1148 nonnulla
918 1079 1131 1168 argumenta
1153 1092 1245 1162 quae
1260 1069 1299 1136 in
1311 1066 1522 1138 Pontificiae

365 1191 632 1266 Infallibilitatis
648 1191 802 1282 gratiam
817 1188 942 1260 afferre
959 1187 1076 1256 solent
1089 1187 1164 1273 ejus
1180 1186 1382 1253 assertores.

927 1408 958 1476 l.

637 1649 793 1698 SUPREMA
817 1647 1006 1698 PONTIFIGIS
1031 1645 1245 1695 lucrorum.

411 1848 583 1934 Suprema
597 1847 801 1928 auctoritas,
821 1868 928 1934 quam
942 1846 980 1912 in
995 1845 1153 1934 primatu
1175 1851 1253 1913 tum
1276 1839 1422 1909 honoris
1439 1846 1516 1909 tum

287 2047 289 2052 Ι
361 1955 622 2040 jurisdictionis
647 1956 797 2024 Romani
815 1955 999 2025 Pontificis
1023 1951 1185 2044 agnoscit
1208 1951 1297 2019 fides
1320 1950 1512 2030 Catholica,

308 2160 310 2164 ι
363 2063 640 2132 secum'trahere
655 2062 789 2131 dicitur
803 2065 883 2150 ejus
893 2061 1198 2129 infallibilitatem.
1314 2113 1315 2116 ,
1405 2099 1407 2102 -

405 2174 518 2240 Lusus
542 2177 663 2240 autem
684 2173 879 2241 verborum
902 2177 956 2241 est
979 2168 1196 2237 confundere
1220 2188 1424 2256 supremam
1448 2187 1513 2232 au-

361 2281 563 2348 ctoritatem
586 2281 624 2347 in
647 2283 823 2350 Ecclesiae
846 2281 1041 2371 regimine,
1061 2299 1151 2366 quae
1175 2277 1221 2344 ad
1244 2282 1400 2344 mentem
1415 2271 1509 2336 Chri-

359 2387 417 2469 sti,
429 2427 474 2437 —
485 2394 527 2456 ut
542 2409 586 2456 en
602 2391 684 2476 Ejus
698 2392 817 2460 verbis
833 2397 912 2459 tum
926 2390 971 2457 ad
986 2392 1133 2457 Petrum
1147 2393 1225 2454 tum
1241 2385 1286 2451 ad
1305 2367 1457 2452 caeteros
1474 2395 1509 2440 a·

358 2499 516 2586 postolos
540 2499 635 2566 inter
658 2519 694 2566 se
719 2499 876 2582 collatis,
904 2520 982 2566 eam
1006 2498 1174 2587 colligere
1206 2494 1308 2576 licet,
1331 2527 1376 2539 -
1398 2491 1433 2553 et
1464 2483 1510 2550 ad

358 2613 516 2675 mentem
529 2607 746 2675 Christianae
762 2607 1009 2694 Antiquitatis,
1023 2647 1069 2658 —
1079 2611 1122 2674 ut
1145 2627 1189 2673 ex
1212 2601 1351 2690 scriptis
1367 2601 1512 2686 patrum

359 2721 395 2782 et
419 2715 653 2784 conciliorum
677 2717 765 2783 actis
789 2717 999 2798 desumitur,
1013 2757 1058 2765 -
1075 2713 1232 2802 intelligi
1256 2711 1372 2790 debet,
1391 2703 1511 2794 potius
1556 2769 1559 2775 .

358 2845 466 2910 quam
490 2823 535 2890 ad
559 2823 703 2890 effatum
727 2825 872 2912 Josephi
895 2827 942 2894 De
965 2825 1130 2905 Maistre,
1155 2823 1225 2892 viri
1249 2824 1344 2888 certe
1366 2812 1510 2884 honoris

358 2952 465 3000 causa
479 2932 702 3016 nominandi,
728 2934 790 3002 sed
816 2936 1127 3025 exagerationibus
1149 2933 1229 3020 plus
1246 2949 1359 3014 aequo
1383 2921 1506 3002 dediti,

358 3058 437 3106 eam
459 3037 701 3127 interpretari.
728 3041 937 3124 Dictistum
962 3041 1092 3109 Christi
1114 3044 1193 3105 tum
1216 3031 1393 3102 Ecclesiae
1417 3029 1509 3098 anti-

356 3147 491 3235 quioris
506 3148 736 3230 inhaerendo,
755 3150 821 3216 soli
837 3149 1012 3218 Ecclesiae
1037 3165 1240 3236 supremam
1262 3142 1301 3208 in
1323 3139 1410 3207 fidei
1425 3160 1510 3206 con-

355 3257 541 3327 troversiis
552 3255 757 3344 judicandis
774 3258 1026 3326 auctoritatem
1049 3257 1237 3328 vindicant
1259 3247 1419 3340 theologi
1435 3247 1510 3336 qui-

354 3363 422 3431 bus
436 3363 828 3433 assentior.Auct0ritas
844 3364 913 3436 is'ta
926 3365 965 3432 in
982 3364 1143 3433 conciliis
1158 3361 1398 3454 generalibus,
1415 3377 1506 3446 quae

353 3492 436 3544 vere
447 3473 639 3542 Ecclesiam
651 3481 909 3563 representem,
921 3473 1145 3570 praesidente
1153 3467 1507 3549 RomanoPontifica,

353 3587 551 3666 exercetur,
577 3585 720 3671 quando
744 3585 830 3655 novi
853 3587 1048 3676 insurgunt
1071 3603 1219 3666 erroreS,
1245 3582 1376 3672 quibus
1405 3575 1509 3645 aliter

352 3690 493 3758 occurri
504 3699 671 3780 nequeat.

395 3799 611 3870 Primatialis
627 3805 787 3873 Potestas
808 3807 959 3875 Romani
981 3803 1166 3874 Pontificis
1189 3802 1335 3872 nonnisi
1362 3799 1507 3868 abusive

353 3925 520 3993 suprema
529 3909 675 3992 dieitur;
694 3932 806 3998 eaque
820 3912 992 4004 loquendi
1007 3912 1099 3980 ratio
1113 3909 1270 3997 antiquis
1284 3904 1507 3995 temporibus

351 4035 424 4084 non
439 4016 604 4087 invaluit.
623 4020 750 4088 Sedem
766 4023 962 4088 Romanam
975 4021 1128 4111 primam
1141 4039 1217 4090 esse
1234 4011 1508 4102 interinsignio-

350 4143 406 4194 res
419 4125 639 4218 episcopales
655 4127 757 4198 sedes
773 4129 818 4197 ab
835 4129 1002 4198 omnibus
1012 4129 1159 4218 quidem
1173 4123 1505 4220 agnoscebaturln-
