3458 5232
725 431 902 505 ..37-

242 597 371 668 nempe
398 575 501 644 alteri
526 575 762 663 respondente
790 581 827 645 et
841 598 918 645 rem
933 561 1034 665 quasi
1051 595 1117 648 acu
1130 583 1300 668 tangente
1319 631 1328 662 ,
1346 598 1387 647 so

243 689 349 756 modo
380 708 452 774 quo
488 685 619 754 veritas
645 686 812 755 omnibus
839 692 1020 775 patescere
1052 694 1181 777 posset.
1224 688 1388 774 Quinque

244 797 315 867 sere
349 815 489 866 menses
514 795 589 881 jam
633 793 743 883 elapsi
772 800 862 876 ,sunt
896 815 941 864 ex
975 816 1045 882 quo
1079 796 1271 864 concilium
1297 796 1391 864 ince-

244 914 343 997 ptum
362 912 426 987 est;
445 925 516 992 quo
533 924 617 971 eum
633 903 731 972 exitu
747 903 871 972 dicere
888 925 960 972 non
975 909 1029 972 est
1044 925 1186 974 necesse
1202 927 1210 987 ;
1228 926 1309 974 cum
1332 923 1389 972 res

161 1073 166 1088 .
245 1015 410 1083 omnibus
439 1019 570 1102 pateat.
588 1013 737 1081 Interim
770 1013 951 1082 neminem
984 1013 1083 1096 latet,
1108 1035 1275 1104 magnam
1312 1013 1399 1080 ani-'

231 1145 384 1194 *morum
407 1122 694 1204 commotionem,
721 1123 867 1191 suborta
893 1123 1102 1212 quaestione
1127 1144 1242 1193 novae
1265 1121 1391 1191 defini-

247 1233 367 1316 tionis,
398 1231 589 1304 excitatam
615 1232 735 1314 fuisse,
769 1239 806 1302 et
830 1233 947 1302 adhuc
961 1233 1097 1303 fervere
1123 1233 1162 1303 in
1189 1233 1274 1302 orbe
1298 1230 1391 1300 chri·

246 1341 378 1421 stian0;
407 1339 486 1407 aliis
513 1360 645 1408 novam
672 1338 917 1410 definitionem
945 1341 1238 1429 postulantibus;
1265 1340 1344 1407 aliis
1372 1361 1391 1408 e

246 1453 368 1518 contra
382 1453 525 1515 strenue
541 1447 837 1536 repugnantibus,
852 1448 1016 1537 Episcopi
1034 1469 1117 1517 cum
1131 1447 1307 1537 episcopis
1323 1447 1392 1515 col-

245 1557 415 1626 luctaturi
432 1556 470 1623 in
483 1575 628 1622 arenam
641 1551 912 1642 descenderunt:
922 1556 1122 1645 presbyteri
1135 1557 1174 1623 in
1187 1576 1268 1624 suos
1282 1554 1391 1623 etiam

246 1668 404 1756 ipsorum
420 1666 601 1755 praesules
619 1717 626 1748 ,
650 1684 715 1733 nec
732 1664 857 1732 nonin
873 1665 1025 1750 alienos,
1044 1665 1178 1755 stylum
1194 1668 1368 1732 acuerunt
1382 1684 1390 1742 ;

246 1785 283 1847 et
299 1781 478 1846 Summam
503 1775 647 1843 laudem
663 1775 844 1843 consecuti
859 1781 952 1843 sunt.
963 1775 1214 1864 Ephemerides
1228 1795 1271 1844 ex
1296 1779 1393 1842 utra-

247 1908 316 1973 que
334 1891 432 1974 parte
450 1884 634 1955 universos
649 1883 758 1971 quasi·
778 1890 933 1954 attentos
949 1887 1045 1969 lacit,
1068 1885 1315 1975 expectatione
1331 1904 1391 1952 eo-

249 2015 428 2080 rumquae
445 1994 664 2061 immineant:
684 2014 774 2080 quae
790 1992 883 2062 ‘lacta
898 1994 970 2062 sint
985 2016 1057 2062 non
1080 2015 1221 2084 semper
1236 1994 1392 2062 fideliter

251 2103 453 2179 referentes,
472 2108 533 2170 aut
552 2103 677 2171 saltem
708 2103 800 2171 male
823 2103 1110 2192 interpretantes.
1143 2102 1288 2172 Licetne
1312 2121 1392 2168 con·

248 2212 358 2298 jicere
374 2233 475 2299 quem
494 2211 600 2281 finem
612 2211 780 2280 habitura
792 2212 864 2280 sint
877 2214 965 2282 haec
980 2212 1100 2280 omnia
1117 2235 1124 2292 ;
1143 2211 1308 2299 quisnam
1325 2209 1393 2276 erit

249 2324 421 2391 terminus
441 2323 615 2412 procellae
633 2323 720 2391 adeo
745 2323 980 2406 vehementis,
999 2322 1142 2411 quaein
1160 2322 1258 2416 coelo
1275 2319 1392 2388 adhue

246 2452 370 2499 sereno
394 2437 468 2498 tam
490 2431 608 2498 subito
636 2435 760 2498 exorta
775 2436 843 2513 est,
863 2437 900 2499 et
912 2436 968 2499 tot
990 2431 1166 2498 malorum
1180 2428 1392 2520 gravisessc

202 2594 206 2602 .
246 2543 404 2611 videtur?
419 2541 494 2609 Sibi
510 2547 606 2609 certe
620 2540 780 2608 illudunt
793 2540 856 2628 qui
868 2545 997 2629 putent
1009 2541 1140 2609 fluctus
1156 2539 1278 2608 statim
1294 2560 1392 2608 com-

247 2653 403 2740 positum
419 2651 477 2733 iri,
495 2672 589 2720 nova
604 2651 688 2719 fidei
705 2650 914 2719 definitione
942 2649 1169 2740 promulgata
1184 2671 1191 2732 ;
1207 2645 1289 2717 cum
1313 2670 1395 2716 con-

247 2763 395 2830 trarium
424 2766 641 2831 eventurum
655 2760 769 2828 multo
781 2760 1002 2849 probabilius
1016 2762 1074 2829 sit.
1092 2760 1159 2838 Qui
1174 2759 1322 2829 Consilii
1338 2761 1395 2830 de·

248 2875 352 2942 cretis
379 2873 527 2959 obsequi
542 2872 698 2954 vellent,
716 2871 905 2940 invenient
930 2891 967 2938 se
990 2870 1157 2940 maximis
1182 2869 1222 2936 in
1245 2868 1395 2938 difficul-

244 2984 379 3050 tatibus
406 2980 553 3052 versari.
584 2980 763 3048 Gubernia
793 2980 914 3069 civilia
945 3000 1004 3048 eos
1034 2985 1206 3066 tanquam
1234 2979 1395 3048 subditos

246 3093 365 3158 minus
380 3091 481 3172 fidos,
496 3088 593 3156 haud
609 3089 685 3156 sine
700 3088 1025 3180 verisimilitudinis
1047 3088 1177 3176 specie,
1195 3087 1392 3156 habebunt.

171 3247 174 3255 -
247 3204 369 3268 Hostes
392 3199 568 3266 Ecclesiae
591 3218 650 3266 eos
674 3199 844 3266 lacessere
872 3218 945 3265 non
969 3197 1204 3278 verebuntur;
1223 3217 1319 3264 nunc
1343 3196 1395 3263 eis

246 3308 454 3395 objicientes
477 3327 612 3374 errores
636 3327 725 3395 quos
747 3304 938 3374 Pontifices
961 3311 1024 3373 aut
1046 3304 1220 3386 docuisse,
1246 3311 1309 3374 aut
1332 3325 1395 3372 sua

246 3404 377 3507 agendi
400 3415 538 3484 ratione
564 3416 742 3504 probasse,
770 3417 952 3496 dicuntum
979 3421 1015 3484 et
1036 3416 1111 3483 risu
1134 3415 1315 3504 excipient
1337 3435 1393 3482 re-

247 3547 375 3613 sponsa
390 3545 482 3611 quae
499 3524 575 3590 sola
589 3523 706 3591 afferri
721 3525 1058 3612 possint—errores
1072 3523 1159 3591 istos
1175 3544 1248 3590 non
1262 3526 1398 3591 utPon·

249 3635 361 3702 tifices
384 3634 447 3700 sed
468 3638 641 3719 tanquam
660 3634 810 3703 totidem
828 3635 985 3722 privatos
1015 3632 1200 3720 episcopos
1219 3635 1397 3700 Romanos

252 3740 416 3809 sanxisse.
436 3739 610 3807 Scandala
632 3761 773 3828 quoque
795 3761 886 3828 quae
910 3739 1127 3808 anennullis
1151 3757 1194 3806 ex
1207 3739 1395 3809 Pontifici-

249 3847 327 3933 bus,
339 3850 471 3918 mundo
488 3852 666 3937 stupente,
679 3851 762 3919 data
775 3849 883 3918 fuisse
900 3849 1049 3918 historia
1060 3848 1300 3917 ecclesiastica
1314 3869 1397 3916 nar-

245 3962 302 4026 rat
314 3963 485 4045 tanquam
508 3958 659 4026 totidem
682 3963 894 4047 argumenta
915 3956 1001 4025 fidei
1023 3955 1222 4024 Catholicae
1252 3955 1321 4024 sibi
1338 3979 1396 4045 pa-

245 4085 324 4132 rum
347 4066 604 4135 consentientis
627 4067 666 4133 in
688 4068 847 4135 medium
869 4065 1052 4156 proferent
1074 4065 1280 4148 adversarii,
1298 4065 1395 4132 haud

244 4174 508 4268 distinguentes
535 4176 630 4248 inter
652 4175 943 4246 infallibilitatem
970 4180 1007 4243 et
1031 4173 1389 4264 impeccabilitatem,
