3458 5232
845 435 956 510 ...30
978 465 1035 488 ..-

363 581 453 652 tuali
475 586 553 650 tum
577 579 705 648 morali
727 581 901 671 exigeres
926 571 1104 668 siquidem
1127 577 1224 649 ineo
1239 569 1365 648 haberi
1387 579 1514 667 nequit

363 691 541 762 Ecclesiae
564 681 831 760 infallibilitatis
854 691 1149 772 fundamentum,
1175 689 1360 758 consensio
1384 709 1513 776 nempe

364 800 609 883 ecclesiarum,
636 821 727 888 quae
750 800 1009 890 impossibilem
1033 799 1153 868 reddit
1182 799 1366 868 doctrinae
1396 803 1514 866 muta·

363 911 513 992 tionem,
541 909 630 996 quin
655 911 731 997 eJus
754 909 910 999 vestigia
932 915 1140 998 appareant.

805 1125 982 1202 CAPUT
1011 1125 1070 1201 vl.

720 1339 906 1412 Concilio
929 1338 1152 1448 Generalis

406 1562 597 1633 Consensio
619 1563 851 1632 ecclesiarum
876 1564 1066 1633 exhibetur
1091 1563 1130 1631 in
1146 1563 1312 1632 Conciliis
1337 1563 1514 1631 Generali-
1594 1553 1598 1560 ’

363 1667 444 1752 bus,
462 1670 646 1757 inquibus
664 1672 822 1740 Ecclesia
835 1671 1050 1742 Universalis
1067 1693 1132 1760 per
1144 1669 1383 1760 singularium
1400 1672 1512 1738 ecole-

366 1779 500 1845 siarum
523 1778 709 1868 episcopos
732 1801 899 1868 praesens
927 1779 1028 1868 quasi
1049 1780 1199 1862 sistitur,
1230 1785 1266 1848 et
1285 1780 1324 1847 in
1358 1780 1510 1866 quibus,

364 1888 508 1974 quando
523 1887 612 1955 fides
629 1894 753 1956 contra
767 1894 955 1958 novatores
971 1890 1009 1956 in
1023 1895 1101 1957 tuto
1114 1889 1280 1978 ponenda
1292 1889 1349 1970 sit,
1370 1889 1515 1975 conqui-

342 1979 345 1993 ’
363 1996 446 2064 sitio
462 1995 540 2064 fieri
555 1997 665 2078 solet,
693 2001 733 2064 ut
747 2002 850 2066 vetus
873 1996 1060 2082 doctrina,
1077 1997 1239 2064 adhibito
1256 2017 1514 2084 nonnunquam

363 2125 457 2175 novo
469 2105 920 2187 vocabulo,utnovatorum
933 2105 1069 2173 artibus
1078 2111 1114 2174 et
1124 2104 1265 2194 effugiis
1279 2104 1422 2173 obviam
1437 2105 1513 2188 fiat,

353 2195 576 2280 'solemniore
594 2213 701 2280 modo
721 2213 933 2281 declaretur.
958 2214 1108 2281 Nonnisi
1136 2212 1346 2282 necessitate
1370 2227 1516 2301 cogente

364 2321 433 2388 ista
457 2321 608 2389 concilia
624 2321 661 2388 in
677 2321 825 2408 antiqua
841 2321 997 2389 Ecclesia
1020 2322 1143 2389 habita
1168 2327 1264 2390 sunt.
1294 2325 1349 2393 Sic
1373 2321 1511 2412 quando

367 2428 654 2498 controversiain
668 2428 756 2516 ipsis
769 2428 945 2496 Ecclesiae
958 2428 1163 2517 primordiis
1180 2430 1224 2497 de
1238 2433 1450 2522 obligatione
1462 2429 1511 2494 le-

312 2574 318 2583 ·
362 2538 417 2626 gis
433 2537 606 2605 Mosaicae
626 2536 807 2604 conversis
824 2557 845 2602 a
864 2535 1074 2604 Gentilismo
1091 2536 1136 2602 ad
1152 2535 1260 2605 fidem
1276 2536 1510 2627 imponenda,

364 2650 442 2712 orta
457 2643 524 2728 sit,
543 2647 800 2712 convenerunt
819 2642 981 2730 Apostoli
1005 2648 1041 2710 et
1054 2643 1215 2711 Seniores
1232 2645 1483 2734 Hierosolymis
1505 2665 1513 2723 3

363 2757 400 2821 et
415 2751 603 2820 sententiis
621 2750 797 2838 expensis
817 2750 956 2818 celebre
969 2750 1152 2819 decretum
1169 2753 1370 2823 ediderunt:
1387 2755 1515 2822 Visum

365 2865 419 2930 est
434 2860 584 2949 Spiritui
600 2862 728 2929 Sancto
745 2865 781 2928 et
796 2861 912 2942 nobis,
927 2865 997 2938 etc;
1014 2860 1052 2949 (l)
1068 2882 1138 2949 quo
1154 2862 1268 2928 omnis
1285 2863 1355 2930 ista
1371 2869 1514 2930 contro-

364 2969 480 3038 versia
492 2969 608 3058 sopita
623 2975 687 3038 est.
703 2969 760 3038 Sic
775 2969 917 3052 deinde,
935 2970 1207 3038 decurrentibus
1221 2972 1382 3054 saeculis,
1392 2970 1515 3038 habita

367 3083 454 3146 sunt
467 3078 571 3167 plura
586 3079 763 3161 Concilio,
789 3079 1000 3167 praesertim
1012 3079 1159 3161 Niceae,
1185 3080 1515 3169 Constantinopoli,

365 3188 495 3276 Ephesi
510 3192 546 3256 et
560 3187 798 3268 Chalcedone;
812 3187 997 3274 inquibus
1013 3208 1149 3256 errores
1165 3197 1289 3259 contra
1304 3189 1413 3258 fidem
1421 3191 1517 3258 dam·

365 3295 442 3364 nati
455 3301 550 3378 sunt,
576 3297 776 3386 etantiqua
799 3297 975 3365 Ecclesiae
1000 3297 1163 3366 doctrina
1186 3301 1315 3369 clarius
1339 3307 1376 3370 et
1392 3301 1517 3381 fusius,

366 3425 431 3492 pro
445 3403 696 3491 adjunctorum
709 3404 933 3487 necessitate,
946 3405 1124 3494 explicata
1133 3412 1197 3474 est.
1208 3409 1390 3476 Summam
1400 3413 1519 3476 aucto-

365 3513 510 3582 ritatem
523 3513 578 3581 his
594 3515 830 3584 conventibus
853 3515 969 3584 inesse
984 3515 1138 3584 credidit
1150 3518 1344 3605 antiquitas
1351 3517 1519 3586 Christia-

366 3641 425 3704 na;
444 3627 480 3690 et
491 3621 600 3691 etiam
616 3643 713 3691 nunc
727 3631 928 3713 agnoscunt
942 3645 1015 3691 non
1023 3624 1129 3693 modo
1141 3625 1324 3709 Catholici,
1339 3624 1518 3693 sedetiam

366 3730 522 3798 maxima
541 3752 623 3820 pars
647 3752 768 3801 eorum
790 3733 853 3820 qui
880 3734 924 3801 ab
946 3733 1109 3804 Ecclesia·
1137 3741 1316 3822 separatos
1337 3733 1519 3802 celebrant

368 3843 502 3908 coetus.

412 3945 581 4036 Theologi
599 3945 838 4015 communiter
852 3945 1146 4018 infallibilitatem
1164 3947 1330 4021 Consiliis
1345 3948 1521 4021 Generali-

410 4145 459 4232 (1)
481 4151 552 4213 Act.
574 4151 643 4216 κν.
