3458 5232
713 427 757 484 ’.-
777 427 823 502 23
843 462 888 478 ...

221 585 433 702 enasperans
446 594 643 671 nihilaliud
651 595 818 679 estquam
831 571 1142 654 verborumlusus.
1152 560 1189 632 Si
1197 565 1317 630 autem
1324 557 1370 626 ab

221 743 274 806 ea,
284 703 743 798 numer0‚-quodindicat
752 694 932 788 praefatus
945 675 1284 766 canoa-quamvis
1297 691 1370 740 non

222 827 351 918 specie,
369 813 626 910 distinguaturss
642 811 729 880 adeo
741 813 784 876 ut
795 798 961 870 Pontifex
974 788 1151 863 Ecclesiae
1163 805 1265 854 suam
1279 800 1373 850 com-

222 936 381 1004 municet
402 925 707 1002 infallibilitatem,
727 920 789 984 aut
803 913 848 980 ab
862 905 1016 979 Ecclesia
1030 921 1132 969 suam
1154 895 1267 986 ipsius
1283 892 1372 960 acei-

220 1043 308 1132 piat,
324 1049 412 1110 tunc
430 1034 624 1106 dicendum
648 1033 712 1110 est,
731 1022 909 1093 Christum
932 1017 971 1084 in
987 1009 1143 1080 Ecclesia
1159 1001 1296 1092 aliquid
1311 1021 1371 1068 su-

219 1167 480 1242 pervacaneum
489 1140 726 1217 constituisse
736 1124 1053 1224 Eumque,nedum
1062 1115 1148 1185 fidei
1160 1109 1323 1182 firmitati
1336 1112 1373 1178 et

221 1265 425 1331 animorum
433 1247 657 1325 consensioni
674 1241 900 1335 providisset,
916 1233 1060 1319 utrique
1075 1225 1250 1296 nocuisse.
1265 1217 1372 1288 Testi-

223 1373 344 1441 monia
366 1375 485 1437 autem
509 1381 616 1452 supra
639 1359 746 1425 allata
769 1343 965 1420 osten'dunt
988 1364 1008 1409 a
1031 1339 1168 1409 Christo
1191 1335 1230 1401 in
1253 1331 1374 1400 Eccle-
1431 1381 1436 1389 .

223 1481 324 1562 siam,
338 1477 510 1566 ——capite
526 1491 609 1540 cum
622 1482 770 1555 corpore
787 1459 997 1547 conjunct0,
1013 1489 1058 1500 —
1071 1467 1154 1516 cum
1165 1464 1237 1530 qua
1251 1460 1373 1530 perpe·

222 1597 285 1656 tuo
303 1609 339 1657 se
354 1585 516 1652 futurum
530 1575 708 1666 promisit,
726 1565 1019 1638 infallibilitatem
1043 1552 1216 1630 derivari3*
1228 1551 1317 1617 adeo
1332 1552 1374 1614 ut

223 1717 339 1784 neque
357 1697 465 1782 caput
480 1685 622 1777 corpori
638 1703 705 1750 neo
720 1681 853 1766 Corpus
876 1669 986 1762 capiti
1009 1687 1087 1736 eam
1111 1658 1374 1733 communicare

186 1895 191 1900 ,
221 1805 294 1874 dici
309 1803 432 1892 possit.

781 1895 815 1964 li.

354 2222 356 2226 Ι
438 2144 678 2197 IMMAGULATAE
701 2134 943 2190 OONGEPTIONIS
967 2124 1154 2179 nnmmrlo.

267 2354 432 2425 Definitio
456 2349 709 2420 Immaculatae
732 2339 981 2431 Conceptionis
1005 2341 1042 2405 B.
1069 2339 1113 2404 V.
1138 2335 1287 2414 Mariae,
1313 2351 1378 2419 per

223 2464 362 2532 Bullam
381 2459 580 2546 ineffabilis,
597 2461 770 2542 tanquam
792 2451 878 2521 fidei
895 2448 1027 2540 dogma
1042 2441 1209 2514 fidelibus
1229 2438 1378 2508 creden-

224 2569 525 2653 dum,adducitur
547 2565 802 2653 inexemplum
819 2560 915 2648 quod
931 2560 1059 2648 probet
1073 2573 1207 2624 novum
1222 2548 1308 2616 fidei
1320 2569 1377 2614 ar-

224 2681 379 2748 ticulum
395 2677 549 2767 proponi
564 2693 685 2766 posse,
705 2674 838 2760 absque
852 2670 926 2736 ulla
940 2667 1150 2736 difficultate
1165 2704 1181 2750 ,‹
1195 2669 1232 2732 et
1246 2683 1376 2752 magno

227 2807 309 2854 cum
333 2785 477 2873 pietatis
500 2784 631 2866 fructu,
650 2784 680 2849 si
696 2785 735 2851 id
758 2784 901 2850 Summo
925 2775 1093 2846 Pontifici
1115 2774 1235 2842 visum
1255 2769 1374 2840 suerit.

225 2897 397 2982 Magnum
420 2898 542 2960 tamen
559 2896 613 2958 est
629 2891 820 2958 discrimen
840 2888 937 2977 quod
958 2887 1054 2955 inter
1074 2889 1264 2970 utramque
1289 2882 1377 2950 defi-

224 3003 401 3070 nitionem
417 3001 620 3069 intercedit.
640 3000 795 3096 Quae-de
814 3001 994 3087 Conceptu
1015 2993 1176 3084 Virginis
1201 2993 1377 3061 immacu-

224 3117 296 3182 lato
315 3112 494 3182 sententia
509 3111 663 3178 habetur
677 3131 698 3176 a
714 3107 914 3190 Catholicis,
933 3108 971 3174 in
988 3109 1070 3194 Ejus
1090 3105 1275 3188 honorem,
1297 3124 1378 3191 pro-

225 3221 382 3310 indeque
398 3223 437 3288 in
454 3209 627 3288 honorem
641 3219 793 3301 Domini,
809 3201 930 3305 quiex
944 3220 993 3283 Ea
1009 3195 1108 3283 nasei
1124 3215 1293 3303 dignatus
1311 3218 1375 3295 est,

226 3332 345 3413 oedit;
373 3337 408 3400 et
431 3331 582 3420 alonge
602 3333 675 3418 jam
695 3335 857 3417 tempore
872 3325 1037 3394 fidelium
1059 3322 1152 3393 votis
1175 3321 1375 3410 petebatur.

224 3441 366 3509 Novum
382 3444 503 3507 autem
521 3439 652 3528 dogma
670 3436 827 3525 plurima
849 3433 1076 3502 incommoda
1098 3429 1267 3511 habebit,
1294 3450 1376 3497 cum

225 3546 392 3616 fidelibus
408 3548 570 3638 imponat
591 3567 681 3614 onus
705 3543 875 3640 credendi
897 3544 1088 3612 Pontifices
1111 3559 1296 3627 nunquam
1320 3558 1376 3605 er·
1480 3580 1483 3589 .

227 3671 333 3733 rasse;
351 3655 446 3740 quod
465 3660 588 3723 eontra
602 3652 800 3722 certissima
814 3649 983 3719 historiae
998 3649 1092 3718 facta
1107 3667 1182 3717 esse
1204 3646 1350 3715 videtur
1364 3667 1373 3724 ;

227 3779 411 3855 nunquam
423 3769 635 3845 erraturum,
653 3751 816 3850 quamvis
832 3745 895 3828 lus
910 3759 1030 3849 ipsum
1048 3755 1266 3828 Canonicum
1287 3775 1373 3825 con-

225 3865 379 3934 trarium
403 3873 583 3959 supponit;
599 3873 749 3960 (llnullo
762 3871 855 3966 facto
870 3870 1077 3940 discrimine
1100 3869 1195 3937 inter
1217 3885 1374 3936 errorem

225 3983 343 4071 Papae
371 3982 542 4068 tanquam
571 3981 754 4053 Pontificis
787 3990 823 4052 et
849 3989 1019 4074 tanquam
1046 3981 1203 4051 doctoris
1225 3979 1371 4070 privati.

266 4207 315 4289 (1)
336 4209 371 4274 si
389 4208 489 4286 Papo.
511 4209 591 4272 Pars
612 4213 640 4273 1.
662 4211 748 4274 Dest.
768 4211 827 4275 XI.
849 4213 884 4274 G.
906 4211 936 4278 1.
