3458 5232
858 401 1043 522 436-

383 606 455 671 tur‘
469 589 754 690 repugnantibus
769 612 899 684 magno
913 612 1062 661 numero
1079 593 1231 662 aliorum
1250 596 1437 665 nationum
1452 599 1525 686 epi-

270 756 275 767 ·
381 711 509 799 scopiS,
529 709 567 775 in
581 706 753 774 Vaticano
770 701 925 771 Concilio
942 702 1072 780 latum,
1089 723 1162 768 non
1177 703 1308 790 poterit
1324 705 1447 772 haberi
1463 727 1528 794 pro

380 818 586 887 testimonio
603 809 817 886 Universalis
834 811 1020 893 Ecclesiae,
1042 811 1150 879 fidem
1168 832 1274 899 quam
1296 811 1528 899 a'maJ'oribus

378 933 564 1017 acceperat
577 921 764 1004 tradentis;
783 920 945 1009 quamvis
964 921 998 988 ei
1015 921 1123 989 etiam
1141 921 1525 991 accesseritPontificia

378 1037 612 1118 confirmatio,
632 1055 722 1122 quae
737 1054 854 1102 rerum
871 1029 1036 1100 naturam
1048 1053 1120 1100 non
1134 1037 1262 1115 mutat,
1275 1032 1348 1116 sed,
1367 1033 1405 1100 ni
1424 1035 1523 1103 aliud

379 1149 516 1234 obstet,
546 1147 752 1217 solemniter
781 1141 935 1215 testatur
964 1147 1083 1212 omnia
1114 1145 1152 1212 in
1163 1141 1318 1214 Concilio
1341 1147 1416 1214 rite‘
1430 1145 1523 1216 facta

385 1257 504 1328 fuisse.

421 1372 462 1436 In
477 1368 532 1435 his
549 1386 639 1454 quaa
655 1365 781 1454 scripsi
798 1365 841 1432 de
853 1357 1016 1432 'Concilio
1034 1364 1217 1447 Vatican0,
1232 1384 1352 1432 rerum
1374 1386 1447 1433 non
1463 1367 1524 1434 ho-

378 1459 527 1542 minum'
541 1473 631 1543 vitia
658 1473 798 1562 collegi.
817 1475 936 1560 Longe
953 1493 973 1538 a
989 1490 1045 1538 me
1073 1471 1145 1539 sint
1172 1471 1426 1562 privilegium,
1440 1476 1520 1561 jure

376 1585 485 1651 etiam
510 1583 824 1650 consuetudinario
852 1583 1079 1669 acquisitum,
1098 1582 1275 1670 denegare
1291 1605 1298 1663 ;
1316 1583 1432 1651 adhuc
1448 1585 1523 1651 lon-

378 1693 459 1782 gius
474 1693 635 1759 minuere
650 1691 743 1760 velle
760 1691 832 1759 vim
848 1711 955 1778 quam
964 1691 1127 1778 Episcopi
1143 1690 1344 1777 Itali—qui
1361 1691 1524 1760 doctrina

378 1808 414 1869 et
428 1801 571 1890 pietatis
591 1800 709 1867 studio
727 1799 885 1889 insignes
902 1805 996 1882 sunt,
1017 1806 1053 1868 at
1069 1800 1131 1887 qui
1159 1801 1198 1867 in
1228 1799 1408 1886 adjunctis
1439 1801 1526 1870 adeo

378 1909 583 1978 difficilibus
599 1917 815 1996 versantur,
829 1907 898 1974 sibi
924 1913 1124 1997 competere
1138 1909 1218 1994 jure
1235 1906 1357 1977 divino
1373 1931 1526 1979 asserere

378 2007 553 2089 veraciter
568 2019 715 2108 possint.

422 2113 586 2197 Manente
602 2125 761 2215 inequali
776 2125 1021 2222 episcoporum
1050 2147 1199 2196 numero
1222 2130 1260 2197 in
1276 2133 1385 2201 variis
1413 2134 1527 2231 nutio3

378 2237 484 2305 nibus
500 2291 507 2320 ‚
522 2243 565 2304 ut
579 2235 724 2303 Concilii
754 2235 896 2303 decreta
919 2256 984 2323 pro
1007 2236 1212 2304 testimonio
1229 2240 1340 2308 totius
1360 2241 1524 2308 Christia-

376 2335 512 2413 nitatis
527 2344 651 2412 haberi
676 2343 837 2432 possint,
863 2364 938 2411 sese
967 2343 1069 2411 offert
1096 2345 1210 2428 ratic,
1229 2347 1408 2428 adhibita,
1428 2348 1519 2413 felici

379 2477 523 2544 prorsus
539 2454 652 2536 exitu,
670 2454 708 2519 in
724 2453 879 2520 Concilio
898 2453 1170 2538 Constantiensi,
1189 2477 1316 2546 nempe
1333 2464 1386 2538 ut,
1403 2454 1521 2523 suffra-

377 2564 448 2652 gia,
467 2585 539 2631 non
551 2577 618 2651 'per
633 2563 750 2650 capita
768 2563 829 2630 sed
845 2563 910 2651 per
925 2563 1087 2631 nationes
1105 2586 1166 2634 scu
1190 2566 1328 2656 linguas
1350 2565 1520 2632 serantur.

379 2673 445 2744 Sic¹
462 2673 558 2740 enim
581 2692 703 2738 rerum
725 2670 992 2738 tractandarum
1021 2674 1175 2740 examini
1205 2675 1311 2743 citius
1328 2679 1364 2744 et
1387 2673 1526 2741 felicius

379 2781 640 2868 provideretur.
656 2779 821 2869 Episcopi
836 2781 932 2848 enim
949 2782 1108 2868 ejusdem
1120 2783 1265 2873 linguae
1281 2790 1344 2852 aut
1357 2782 1523 2862 nationis,

381 2890 608 2958 ecclesiarum
636 2890 766 2976 quibus
793 2891 951 2978 praesint
973 2887 1199 2960 necessitates
1231 2894 1358 2962 melius
1382 2912 1525 2980 perspe-

380 3004 452 3066 ctas
465 2999 608 3080 habent,
620 3005 664 3066 et
686 3000 729 3066 iis
744 3000 933 3088 providere
946 3007 1100 3088 possent.
1128 3002 1279 3069 Facilius
1306 3001 1413 3069 etiam
1431 2999 1525 3066 inter

379 3129 414 3176 se
431 3131 494 3175 sua
510 3129 612 3176 sensa
641 3110 903 3178 communicare
918 3118 1083 3197 possent,
1102 3111 1227 3200 lingua
1250 3111 1439 3179 vernacula
1468 3111 1526 3177 cui

380 3212 601 3286 assueverint
615 3210 767 3299 utentes
783 3211 933 3303 quamin
948 3220 1106 3308 generali
1120 3224 1308 3302 conventu,
1325 3218 1387 3286 ubi
1401 3218 1527 3306 lingua

305 3329 307 3334 '
381 3325 506 3391 Latina
531 3326 729 3392 necessario
748 3326 951 3395 adhibenda
966 3328 1032 3409 sit,
1050 3349 1158 3414 quam
1170 3349 1233 3415 per
1246 3329 1390 3417 longam
1406 3347 1526 3394 rerum

381 3435 631 3502 tractationem
652 3433 770 3502 forsan
799 3435 1026 3520 dediscerint,
1058 3438 1160 3504 etsie
1185 3442 1247 3505 aut
1262 3437 1300 3504 in
1316 3437 1466 3504 concilio
1484 3437 1529 3505 si-

379 3545 452 3615 lere
466 3599 473 3626 ,
493 3551 555 3612 aut
568 3545 667 3632 loqui
684 3565 765 3613 cum
779 3545 908 3612 rubore
922 3552 1106 3634 cogantur.
1120 3547 1176 3612 Sic
1192 3546 1300 3613 etiam
1317 3545 1529 3612 discussioni

381 3673 444 3721 seu
460 3653 713 3740 conquisitioni
728 3706 736 3735 ,
751 3651 894 3740 quaein
910 3651 1074 3719 Conciliis
1088 3651 1211 3719 haberi
1225 3651 1331 3718 debet
1353 3651 1453 3719 locus
1468 3654 1530 3720 da·

381 3765 480 3829 retur
497 3784 504 3843 ;
523 3761 619 3849 quod
634 3761 672 3828 in
688 3761 844 3830 Concilio
860 3759 1031 3828 Vaticano
1063 3781 1135 3826 non
1151 3759 1286 3834 euenit.⁴
1298 3759 1527 3849 Amplissima

380 3869 526 3959 quidem
538 3871 630 3939 facta
648 3877 701 3940 est
712 3869 860 3939 facultas
876 3868 1141 3957 loquendi3sed,
1160 3869 1204 3936 ob
1221 3889 1393 3960 magnum
1407 3893 1529 3939 nume-

379 3993 460 4047 rum
476 3987 630 4069 patrum,
644 3987 680 4050 et
695 3982 835 4072 regulas
849 4000 913 4070 per
924 3973 1215 4048 constitutionem
1231 3981 1431 4067 Multiplices
1442 3982 1530 4046 irater

381 4094 418 4155 et
426 4089 650 4178 subsequens
666 4092 845 4171 Decretum,
863 4086 1028 4154 Patribus
1043 4086 1227 4175 impositas
1244 4139 1253 4171 ,
1268 4087 1368 4154 nulla
1381 4085 1528 4152 omnino

377 4193 527 4268 facultas
558 4204 611 4268 est
637 4219 693 4268 res
718 4189 886 4286 penitiori
910 4195 1065 4267 examini
1085 4195 1323 4285 subjiciendi:
1348 4229 1393 4246 -
1417 4193 1528 4263 altero
