3458 5232
769 449 774 460 .
856 411 1032 485 ..32st

378 583 422 632 ex
445 563 546 632 libris
571 564 763 654 liturgicis,
788 568 825 632 et
844 556 1325 652 episcoporum'quotidiana
1346 566 1448 636 verbi
1462 567 1524 634 Dei

378 671 654 760 praedicatione,
673 671 839 738 fidelibus
861 669 1066 741 innotescit.
1085 670 1120 738 Si
1140 671 1227 741 novi
1251 692 1386 746 errores
1409 672 1526 742 insur-

377 784 476 868 gent,
494 779 556 866 qui
580 779 760 846 ordinario
784 780 851 846 hoc
875 779 1080 870 magisterio
1105 779 1215 868 sopiri
1230 787 1421 867 nequeant,
1438 786 1526 850 tuno

377 890 424 957 ad
447 889 591 958 concilii
615 889 891 957 celebrationem
913 889 1171 958 recurrendum
1195 893 1258 972 est,
1278 893 1319 958 ut
1341 888 1423 958 finis
1447 912 1526 959 cou-

376 999 559 1067 troversiis
583 998 800 1087 imponatur.
826 999 1072 1090 Magisterium
1093 983 1207 1090 igitur
1230 999 1435 1082 insolubile,
1461 1020 1525 1088 pro

379 1109 529 1178 diversis
543 1128 663 1176 rerum
680 1108 869 1196 adjunctis,
887 1130 1026 1198 semper
1058 1115 1200 1184 exercet
1215 1110 1381 1191 Ecclesia,
1401 1097 1524 1178 eadem

376 1236 517 1305 semper
546 1217 758 1284 auctoritate
789 1219 951 1305 quamvis
981 1240 1053 1286 uon
1076 1239 1216 1308 semper
1244 1219 1369 1286 eodem
1392 1219 1522 1301 modo;

375 1346 631 1414 nunquamque
649 1325 787 1394 destitit
797 1347 872 1396 esse
887 1327 972 1395 filiis
987 1328 1060 1396 suis
1076 1330 1262 1396 «columna
1277 1334 1314 1396 et
1326 1327 1524 1396 firmamen-

375 1436 454 1498 tum
478 1429 674 1498 veritatis».
701 1429 757 1498 Sic
781 1430 819 1497 in
843 1431 991 1519 antiqua
1012 1433 1162 1502 ecelesia
1187 1433 1318 1500 laetum
1344 1438 1408 1515 est,
1427 1433 1523 1502 felici

373 1557 517 1626 prorsus
541 1537 652 1618 exitu
667 1558 748 1605 cum
759 1559 895 1606 errores
907 1544 1031 1607 contra
1040 1540 1202 1608 Divinam
1218 1541 1347 1609 Christi
1357 1545 1521 1610 naturam

374 1645 488 1716 exorti
513 1651 641 1729 essent,
656 1645 719 1733 qui
735 1669 857 1718 omues
881 1649 1040 1718 damnati
1057 1655 1140 1718 sunt
1155 1655 1308 1738 quatuor
1322 1651 1521 1741 praecipue

374 1757 533 1847 priorum
546 1755 780 1836 conciliorum
797 1759 1020 1842 auctoritate,
1039 1781 1192 1847 quorum
1214 1760 1319 1829 effata
1331 1763 1524 1852 Gregorius

379 1869 530 1958 Magnus
541 1886 613 1934 non
626 1867 763 1950 veritus
775 1869 1111 1959 estEvangeliorum
1119 1869 1224 1938 dictis
1236 1870 1344 1938 etiam
1354 1873 1524 1962 aequipa-

375 1997 467 2058 rare3
481 1975 520 2043 id
532 1975 629 2063 quod
643 1981 737 2044 certe
755 1977 799 2046 de
815 1979 915 2049 nulla
928 1979 998 2046 alia
1013 1979 1278 2048 Ecclesiasticae
1300 1982 1522 2052 auctoritatis

373 2083 552 2157 sententia
566 2103 672 2150 ausus
696 2089 788 2152 esset
797 2105 963 2154 asserere.
974 2085 1074 2153 Etsio
1087 2086 1330 2174 proculdubio
1344 2090 1522 2158 erroribus

374 2191 646 2282 insurgentibus
658 2192 799 2261 felicius
822 2198 859 2261 et
872 2193 979 2263 etiam
995 2193 1101 2261 citius
1117 2195 1256 2262 occurri
1271 2202 1402 2284 posset,
1412 2211 1523 2284 quam·

374 2303 484 2372 solius
506 2303 658 2372 Romani
672 2305 856 2374 Pontificis
880 2304 1104 2388 auctoritate,
1131 2307 1321 2376 accedente
1336 2307 1438 2376 etiam
1451 2310 1515 2374 Eo*

375 2413 514 2495 clesiae,
532 2377 574 2480 ul
586 2413 698 2496 aiunt,
717 2414 897 2504 dispersae
914 2435 1069 2496 assensu,
1089 2414 1335 2503 episcoporum
1357 2419 1415 2482 aut
1436 2413 1513 2480 sub-

374 2521 630 2611 scriptionibus
647 2527 710 2590 aut
725 2523 868 2592 silentio
892 2525 1053 2612 probato.
1072 2527 1140 2593 Iste
1167 2525 1263 2593 enim
1278 2544 1432 2592 assensus
1447 2544 1516 2594 uec

372 2642 507 2706 temere
531 2637 685 2726 supponi
708 2638 825 2722 debet,
850 2661 917 2710 nec
939 2639 1043 2708 facile
1066 2641 1209 2729 probari
1232 2644 1358 2731 potest;
1376 2644 1413 2708 et
1439 2660 1518 2706 con-

373 2747 510 2816 ditione
534 2747 805 2835 conquisitionis
828 2770 978 2839 magnae
991 2750 1041 2839 (l),
1066 2771 1157 2838 quae
1184 2751 1222 2818 in
1247 2751 1419 2834 conciliis,
1447 2751 1519 2819 col-

373 2856 456 2926 latis
477 2856 573 2924 inter
595 2876 632 2924 se
657 2855 905 2946 episcoporum
919 2857 1117 2940 sententiis,
1139 2857 1305 2940 habetur,
1332 2879 1450 2928 carere
1472 2859 1521 2926 vi-

373 2965 489 3033 detur.
515 2961 753 3034 Novatoribus
775 2983 914 3052 semper
935 2963 1059 3032 licebit
1083 2985 1165 3032 eum
1187 2965 1376 3054 denegare,
1404 2973 1439 3035 et
1459 2973 1521 3035 aut

371 3073 621 3164 episcoporum
643 3072 895 3166 incuriae,aut
913 3073 1026 3142 metui
1037 3095 1081 3142 ne
1095 3073 1279 3141 Pontificis
1303 3075 1454 3168 decretis
1470 3097 1521 3146 re-

373 3183 443 3250 niti
469 3182 689 3266 viderentur,
712 3183 881 3254 tribuere.
900 3187 997 3251 Mora
1020 3189 1139 3252 autem
1165 3185 1204 3255 in
1220 3185 1452 3254 conciliorum
1469 3208 1521 3255 oe-

373 3292 571 3361 lebratione
594 3292 792 3374 necessario
817 3298 1015 3376 eventura,
1040 3293 1092 3360 rei
1118 3295 1160 3362 de
1185 3315 1256 3381 qua
1280 3297 1441 3382 quaestio
1475 3296 1523 3364 sit

374 3399 502 3468 melius
531 3401 770 3469 enucleandae
793 3399 967 3470 inservire
994 3406 1137 3490 potest:
1172 3409 1208 3470 et
1230 3424 1369 3472 summa
1397 3427 1521 3474 eorum

373 3509 579 3593 auctoritas,
599 3511 759 3578 omnium
785 3533 959 3581 consensu
982 3512 1114 3602 agnita,
1133 3514 1247 3604 magis
1271 3520 1353 3603 apta
1375 3515 1521 3584 videtur

374 3623 532 3688 errantes
561 3621 606 3689 ad
628 3621 810 3692 tramitem
836 3621 997 3690 veritatis
1023 3643 1209 3706 revocare,
1237 3646 1343 3712 quam
1369 3625 1520 3692 Romani

372 3725 556 3795 Pontificis
584 3729 790 3810 decretum,
823 3729 918 3816 quod
944 3734 1116 3817 tanquam
1141 3730 1248 3797 unius
1276 3731 1452 3814 hominis,
1485 3739 1521 3800 et

372 3834 474 3922 quasi
495 3857 731 3926 praepropere
757 3838 904 3921 editum,
930 3859 1092 3908 recusare
1113 3841 1261 3928 possint.
1287 3844 1365 3912 Non
1390 3843 1520 3911 desunt

371 3943 433 4032 qui
455 3952 584 4034 putant
606 3947 772 4038 graviora
791 3951 884 4018 mala
907 3969 997 4038 quae
1023 3949 1179 4020 Ecclesia
1201 3971 1266 4042 per
1289 3956 1442 4040 quatuor
1466 3952 1519 4018 ul-

409 4183 458 4269 (1)
477 4187 547 4250 Art.
569 4187 639 4253 XV.
660 4187 691 4250 7.
