3458 5232
715 417 892 488 ..πμ

233 571 412 645 gubernii·
423 571 609 664 Evangelii
625 572 732 641 dictis
748 577 785 640 et
805 569 1018 657 antiquioris
1034 535 1115 640 aeri
1141 559 1384 640 monumentis
1429 527 1431 532 V
1507 640 1510 646 ,

232 682 348 774 magis
363 679 519 768 fideliter
534 681 760 773 respondeat,
774 679 914 767 judicet
927 681 1051 750 lector.

800 896 833 964 2.

574 1141 616 1187 EX
640 1137 815 1186 carnutum
839 1134 1043 1184 SENTENTIAE

276 1339 509 1428 Distinguunt
531 1336 741 1407 Pontificiae
764 1334 1030 1405 infallibilitatis
1054 1333 1219 1405 aduocati
1234 1336 1330 1406 inter
1345 1357 1388 1407 ea

233 1469 325 1536 quae
337 1446 502 1515 Pontifex
516 1451 689 1534 tanquam
713 1447 838 1515 doctor
860 1446 1040 1536 privatus
1059 1451 1095 1514 et
1108 1465 1199 1532 quae
1215 1453 1387 1536 tanquam

232 1561 356 1625 Pastor
371 1557 484 1626 totius
497 1555 765 1646 gregisfihristi,
782 1575 845 1624 seu
860 1577 895 1621 ca
908 1555 1071 1622 Gathcdro
1084 1557 1127 1634 ,ut
1140 1555 1253 1640 aiunt,
1269 1559 1385 1628 docet.

231 1667 321 1734 llum
338 1687 454 1734 errare
469 1665 624 1756 possein
637 1666 872 1752 prioresensu
885 1671 1096 1754 agnoscunt;
1115 1667 1159 1734 ab
1176 1668 1274 1737 omni
1289 1689 1386 1739 erro·

231 1798 269 1846 re
283 1777 483 1845 immunem
498 1795 574 1844 esso
596 1774 752 1862 quande,
771 1775 897 1842 sedens
920 1777 1022 1863 quasi
1036 1775 1074 1843 in
1089 1778 1188 1845 Petri
1202 1780 1383 1864 cathedra,

232 1909 277 1956 ex
300 1907 342 1955 ea
363 1887 569 1954 universam
596 1885 788 1952 Ecclesiam
812 1884 1017 1972 alloquitur,
1037 1893 1252 1956 asseverant.
1273 1891 1388 1960 Unde-

237 2017 322 2063 nam
339 2000 460 2063 autern
475 1993 661 2062 hauserint
675 1994 780 2063 istam
804 1995 1084 2080 distinctionem,
1104 2019 1195 2086 quae
1210 2000 1325 2089 magis
1342 2001 1388 2070 ad

238 2101 466 2172 difficultates
491 2102 674 2172 euitandas
698 2103 900 2193 excogitata
923 2125 1031 2192 quam
1055 2105 1107 2172 ex'
1121 2106 1173 2174 rei
1189 2106 1387 2176 visceribus

228 2212 398 2295 derivata
412 2213 567 2296 videtur,
581 2235 653 2282 uon
669 2219 779 2304 patet.
794 2218 873 2284 Non
886 2220 981 2283 certe
994 2235 1038 2284 ex
1050 2217 1171 2285 uerbis
1183 2215 1312 2284 Christi
1326 2221 1389 2285 aut

120 2399 124 2408 Ι
232 2321 408 2392 Ecclesiae
422 2325 635 2414 antiquioris
658 2324 885 2420 testimoniis
903 2345 1006 2412 quae,
1026 2327 1055 2394 si
1068 2327 1221 2416 probent
1235 2329 1386 2398 Pontifi-

232 2451 404 2502 comesse
429 2434 668 2516 infallibilem,
683 2433 775 2500 nihil
797 2431 932 2500 habent
954 2435 1051 2522 quod
1072 2435 1285 2504 miraculoso
1299 2436 1386 2507 huic

236 2539 330 2607 dono
353 2541 488 2610 limites
511 2548 678 2631 apponat.
695 2543 767 2632 Ipsi
790 2548 910 2612 autem
934 2544 1009 2630 ejus
1032 2547 1223 2612 assertores
1238 2543 1333 2612 inter
1349 2565 1386 2613 se

237 2667 311 2715 non
327 2650 547 2719 conveniunt
561 2651 600 2718 in
619 2652 884 2720 characteribus
901 2651 1125 2742 assignandis
1140 2652 1271 2740 quibus
1287 2660 1385 2724 utra·
1470 2741 1472 2745 Υ

234 2777 304 2842 que
323 2758 461 2844 judicia
484 2760 527 2826 ab
551 2759 708 2828 invicem
730 2761 867 2829 secerni
889 2761 1039 2850 possint.
1054 2763 1127 2829 Aut
1141 2761 1237 2830 enim
1255 2784 1315 2832 eos
1329 2787 1382 2834 re-

232 2871 374 2952 ponunt
389 2865 428 2934 in
444 2866 598 2934 formula
612 2865 815 2951 verborum,
835 2890 942 2957 quam
959 2869 1130 2940 adhibere
1145 2873 1204 2940 vel
1220 2873 1384 2964 neglige-

231 2993 270 3042 re
286 2994 396 3061 penes
412 2973 625 3042 Pontificem
640 2975 720 3054 erit;
738 2981 800 3044 aut
822 2976 861 3044 in
885 2977 1007 3044 debita
1028 2978 1081 3046 rei
1105 2979 1148 3046 de
1170 3000 1242 3066 qua
1257 2988 1387 3070 agatur

233 3084 523 3176 investigatione,
543 3085 734 3173 implorato
751 3084 903 3173 Spiritus
918 3086 1039 3155 Sancti
1061 3086 1215 3174 influxu,
1233 3097 1270 3160 et
1286 3091 1403 3159 adhi-·

231 3193 317 3262 bitis
345 3194 452 3264 etiam
470 3191 624 3262 aliorum
641 3195 810 3278 consiliis,
830 3196 874 3264 de
891 3196 1021 3284 quibus
1033 3201 1155 3265 tamen
1167 3220 1272 3267 nemo
1287 3221 1385 3289 prae-

232 3306 287 3371 ter
309 3301 428 3391 ipsum
451 3301 667 3374 Pontificem
691 3303 780 3372 scire
803 3305 939 3392 possit;
970 3310 1032 3373 aut
1059 3305 1156 3393 quod
1177 3307 1342 3374 doctrina
1365 3329 1386 3375 a

231 3412 405 3481 Pontifice
422 3413 572 3483 definita
586 3415 631 3481 ad
648 3413 851 3503 depositum
868 3415 953 3484 fidei
969 3417 1165 3506 pertineat,
1185 3417 1228 3484 de
1246 3437 1317 3506 quo
1333 3421 1385 3484 ta-

233 3537 327 3601 men,
337 3520 400 3586 aut
408 3537 514 3588 nemo
523 3520 885 3609 praeterPontificem
895 3523 1059 3610 judicare
1070 3523 1194 3612 possit,
1205 3514 1268 3591 aut
1279 3523 1384 3590 istius

233 3631 431 3699 sententiae
446 3634 523 3698 tota
537 3631 592 3700 vis
606 3635 811 3699 evacuatur.
829 3631 1009 3721 Quidquid
1019 3631 1066 3700 sit
1078 3634 1122 3700 de
1138 3633 1194 3700 his
1212 3632 1384 3701 conditio·

234 3733 340 3802 nibus
364 3739 551 3808 arbitraris
573 3739 785 3824 statuendis,
805 3741 953 3812 obvium
978 3747 1031 3813 est
1052 3763 1250 3831 numquam
1273 3741 1385 3812 fideli·

233 3844 299 3912 bus
318 3852 479 3915 constare
493 3869 607 3937 posse,
626 3847 839 3919 Pontificem
856 3871 980 3922 revera
994 3875 1030 3920 ec
1047 3853 1209 3930 Catbedro
1222 3853 1385 3921 locutum

232 3975 320 4035 esse,
348 3975 429 4024 cum
454 3956 503 4024 'iis
524 3979 710 4047 nunquam
737 3957 897 4030 constare
913 3961 1050 4051 possit,
1075 3961 1225 4046 debitas,
1243 3963 1384 4050 quales·

234 4087 376 4157 cunque
397 4068 480 4150 sint,
501 4067 722 4138 conditiones
746 4076 904 4150 servatas
926 4072 1047 4156 fuisse,
1066 4071 1137 4140 nisi
1167 4071 1218 4139 eis
1240 4087 1384 4160 persua-

232 4190 312 4245 sum
341 4173 451 4248 fuerit
479 4173 687 4248 Pontificem
704 4184 889 4271 ,perpetuo
918 4181 1038 4253 Sancti
1066 4179 1219 4272 Spiritus
1243 4177 1383 4252 influxu
