3458 5232
264 571 342 638 Non
356 574 409 637 est
423 585 565 636 necesse
588 563 702 630 multa
724 561 768 628 de
785 561 910 649 quinto
925 561 1093 646 Concilio,
1112 565 1268 636 secundo
1283 568 1372 636 Con-

220 675 551 764 stantinopolitano,
583 671 713 750 dicere,
740 667 798 735 cui
827 671 1006 736 Romanus
1029 671 1193 740 Pontifex
1216 673 1373 764 Vigilius

218 793 293 854 tam
316 787 423 876 longe
446 783 589 858 restitit,
616 778 780 868 quamvis
804 777 837 845 ei
862 777 979 846 denuo
1004 781 1242 864 consenserit;
1267 783 1370 852 inde-

218 917 287 984 que
311 917 479 986 magnam
504 892 572 960 sibi
596 887 765 958 conflavit
787 887 963 957 invidiam
994 891 1089 979 apud
1113 893 1370 978 Occidentales,

219 1026 372 1092 quorum
386 1004 515 1092 plures
544 1019 626 1067 eum
643 991 714 1086 vpro
738 994 916 1062 haeretico
948 996 1138 1078 habebant.
1162 1001 1294 1068 Notum
1318 1009 1372 1071 est

219 1112 409 1195 omnibus,
440 1108 615 1177 Historiae
638 1102 903 1172 Ecclesiasticae
930 1103 1079 1172 scientia
1108 1106 1216 1175 etiam
1239 1109 1369 1180 leviter

216 1223 386 1303 imbutis,
413 1239 521 1306 quarn
551 1215 614 1283 diu
637 1214 758 1302 plures
781 1211 982 1294 Ecclesiae,
1014 1213 1230 1304 insigniores
1260 1218 1368 1288 etiam

218 1331 393 1420 Episcopi,
418 1329 479 1397 isti
501 1324 658 1396 Concilio
682 1321 904 1403 obstiterint,
930 1323 1018 1409 quin
1041 1323 1121 1392 ideo
1154 1347 1218 1415 pro
1242 1327 1367 1397 haere-

217 1442 296 1510 ticis
324 1446 386 1509 aut
407 1438 545 1507 haeresi
572 1433 774 1503 faventibus
806 1432 1035 1500 haberentur.
1067 1435 1259 1522 Postquam
1283 1438 1364 1508 lites

217 1550 304 1618 istae
325 1566 389 1636 per
405 1548 587 1616 saeculum
609 1544 689 1632 plus
713 1541 876 1610 minusve
900 1541 1097 1626 durassent,
1129 1545 1275 1614 tandem
1304 1547 1367 1616 ali-

216 1658 358 1746 quando
388 1658 522 1746 sopitae
554 1658 662 1731 sunt;
689 1655 725 1718 ct
747 1649 937 1719 auctoritas
962 1652 1108 1720 Concilii
1140 1655 1262 1742 agnita
1285 1661 1362 1738 est;

216 1795 289 1842 non
315 1771 411 1859 quod
438 1771 580 1837 decreta
607 1765 704 1832 illius
731 1763 882 1853 Spiritus
913 1764 1032 1832 Sancti
1060 1766 1253 1837 dictamine
1281 1789 1364 1838 con-

218 1884 295 1952 dita
322 1881 431 1947 fuisse
455 1878 670 1958 crederetur,
697 1876 759 1943 sed
786 1874 893 1962 quod,
918 1896 955 1943 re
979 1875 1136 1966 penitius
1167 1877 1362 1966 explorata,

215 1981 353 2069 Patrae,
370 1987 441 2054 tria
457 1985 617 2073 Capitula
629 1982 843 2066 damnande,
863 1983 954 2052 nihil
969 1984 1263 2054 Chalcedonensis
1278 2009 1362 2056 auc-

218 2095 355 2164 toritati
382 2093 587 2175 detraxisse,
616 2092 727 2160 etsie
755 2095 798 2160 ab
827 2093 923 2163 avita
948 2091 1018 2160 fide
1046 2114 1117 2159 non
1148 2093 1363 2180 discessisse,
1386 2106 1394 2136 *

220 2209 440 2294 compertum
465 2202 582 2270 fuerit.

262 2315 349 2382 Cum
366 2312 479 2402 igitur
491 2313 648 2381 Concilia
661 2333 698 2381 se
714 2315 929 2402 congregata
946 2330 1020 2378 esse
1033 2311 1071 2377 in
1084 2310 1220 2399 Spiritu
1236 2313 1364 2382 Sancto

212 2425 348 2510 dicunt,
367 2423 455 2492 haec
478 2422 650 2509 loquendi
672 2423 763 2490 ratio
785 2422 884 2490 aliud
904 2442 976 2489 non
991 2422 1119 2510 probat
1131 2389 1250 2507 qu'am,
1267 2422 1365 2509 quod

212 2553 294 2600 cum
309 2531 465 2600 Ecclesia
488 2532 641 2620 Spiritus
664 2532 781 2602 Divini
802 2531 991 2608 indusium,
1008 2551 1078 2617 quo
1102 2551 1287 2616 nunquam
1304 2551 1364 2611 ca-

213 2648 278 2722 ret,
294 2661 432 2729 semper
448 2641 627 2730 imploret,
645 2646 731 2709 tunc
753 2641 943 2730 praecipue
964 2638 1164 2710 invocanda
1176 2639 1223 2707 sit
1238 2639 1365 2707 Divina

214 2753 295 2838 Ejus
318 2750 553 2832 Assistentia,
578 2771 649 2837 qua
672 2751 863 2838 adjuvante
886 2749 1073 2818 veritatem
1105 2750 1148 2816 ab
1181 2749 1361 2818 erroribus

212 2881 407 2943 secernere,
430 2860 619 2946 mediaque
641 2858 824 2947 aptissima
847 2859 892 2926 ad
912 2880 990 2928 eam
1008 2859 1196 2927 tuta'ndam
1219 2859 1363 2928 adhibe·

210 2989 247 3036 re
269 2959 393 3057 possit;
412 2967 501 3056 quin
523 2971 644 3036 tamen
659 2967 733 3033 ulla
746 2958 912 3036 fidelibus
928 2968 1119 3036 necessitas
1142 2967 1359 3057 imponatur,

211 3078 445 3146 conciliorum
459 3077 603 3144 decreta
618 3080 788 3164 tanquam
804 3076 954 3148 totidem
979 3076 1131 3165 Spiritus
1148 3078 1267 3147 Sancti
1285 3078 1361 3154 dic,-

213 3187 349 3255 tamina
372 3186 583 3276 accipiendi.

253 3298 292 3362 ln
319 3295 479 3372 conciliis
504 3293 746 3376 Generalibus,
767 3315 857 3382 quae
880 3295 961 3362 ideo
988 3295 1217 3364 oecumenica
1241 3295 1363 3364 dicun-

209 3410 279 3485 tur,
295 3403 380 3490 quia
395 3403 553 3493 episcopi
580 3424 621 3470 ea
637 3402 802 3472 universo
828 3404 918 3471 Orbe
942 3401 1139 3471 Christiano
1162 3403 1201 3470 in
1217 3403 1261 3470 iis
1284 3425 1351 3472 con

208 3510 371 3588 veniunt,
397 3511 552 3580 Ecclesia
577 3531 778 3606 supremam
802 3533 900 3579 suam
927 3511 965 3578 in
989 3511 1095 3579 rebus
1119 3511 1203 3580 fidei
1229 3519 1352 3581 aucto-

210 3617 350 3687 ritatem
373 3628 525 3701 exercet
544 3621 632 3710 adeo
649 3625 700 3702 ut,
725 3637 813 3688 cum·
832 3621 972 3689 debitae
1000 3621 1038 3688 in
1053 3643 1174 3690 eorum
1201 3624 1353 3692 celebra-

210 3723 307 3792 tione
335 3737 490 3799 servatae
521 3731 655 3804 fuerint
683 3731 929 3812 conditioneS,
959 3731 1021 3819 qui
1047 3752 1170 3799 eorum
1200 3732 1352 3801 decretis

208 3851 284 3900 sese
313 3833 490 3921 subjicere
507 3840 666 3908 renuerit
687 3841 858 3909 Catholici
886 3840 954 3910 viri
982 3861 1112 3908 nomen
1138 3861 1210 3910 non
1236 3863 1349 3912 mere-

115 3975 118 3980 *
207 3946 276 4008 utr
305 3944 377 4009 Nec
393 3941 472 4010 ideo
495 3947 655 4032 sequitur
669 3947 861 4015 Ecclesiam
882 3947 1129 4038 magisterium
1151 3969 1256 4016 suum
1272 3950 1352 4018 doc-

207 4049 335 4117 trinale
360 4025 472 4126 11011111
462 4035 504 4118 si
528 4053 566 4119 in
582 4055 743 4123 conciliis
767 4057 993 4146 generalibus
1018 4077 1193 4139 exercere;
1219 4061 1358 4127 cumfi-

207 4157 268 4226 des
292 4161 379 4252 ejuS,
410 4181 454 4231 ex
479 4163 681 4252 symbolis
672 4188 710 4236 1n
734 4167 896 4236 conciliis
923 4168 1151 4259 generalibus
1178 4167 1358 4252 conditiS,

1125 4274 1138 4315 3
