3470 5230
763 447 918 571 ...γᾷ

262 653 324 717 tur
336 665 419 716 eum
434 653 522 716 tunc
538 641 758 738 tantum'pro
770 648 952 724 infallibili
964 643 1184 730 habendum,
1196 667 1293 730 cum,
1303 665 1419 718 aseen-

259 757 435 826 tlentibus
451 757 641 848 episcopis,
668 759 798 830 sivein
815 757 979 842 concilio,
990 759 1066 828 sive
1083 763 1195 842 extra,
1212 762 1277 826 aut
1291 757 1418 827 saltem

261 865 357 934 haud
373 865 626 950 renitentibus,
641 868 779 956 aliquid
794 873 982 958 proponat.
997 866 1115 936 Inhao
1131 865 1322 950 sententia,
1337 871 1418 936 tan·

260 995 368 1063 quam
385 981 495 1065 caput
510 976 650 1065 corpori
665 975 855 1046 inhaerens
867 983 929 1046 aut
939 977 973 1045 ei
983 975 1413 1064 conjunctum,loquitur;

260 1083 297 1150 in
313 1084 425 1154 altera
442 1090 563 1153 autern
580 1085 613 1154 ei
629 1085 817 1156 definienti
833 1106 973 1175 corpus,
993 1084 1083 1154 velit
1096 1084 1271 1172 nolitque,
1283 1083 1417 1152 adhae-

259 1213 337 1262 rere
351 1199 508 1264 tenetur.
525 1197 605 1263 Non
619 1195 733 1285 igitur
746 1196 785 1264 in
798 1195 842 1266 iis
859 1215 950 1283 quae
966 1195 1164 1284 scripturus
1181 1215 1262 1263 eum
1273 1192 1417 1266 inficior

259 1305 393 1391 Papam
406 1324 482 1372 esse
499 1303 735 1385 infallibilem,
750 1304 893 1392 quando
900 1325 982 1372 cum
990 1303 1239 1392 episcoporum
1247 1301 1414 1392 collegio,

260 1414 365 1508 eujus
379 1420 433 1482 est
445 1419 553 1503 capnt
566 1418 689 1503 etpars
704 1414 909 1504 praecipua,
928 1413 1133 1495 concordat;
1148 1412 1212 1481 sed
1223 1431 1317 1501 nego
1332 1429 1416 1480 eum

259 1539 323 1610 pro
346 1520 528 1590 infallibili
561 1523 781 1606 habendum,
819 1523 918 1590 nullo
942 1521 1195 1612 episcoporum
1219 1518 1316 1590 orbis
1340 1519 1418 1590 uni·

258 1631 353 1701 versi
368 1651 514 1701 assensu
530 1632 735 1701 accedente.

302 1739 433 1808 Contra
456 1740 672 1810 sententiam
695 1737 900 1830 propositae
924 1737 1146 1810 definitionis
1169 1736 1315 1828 objicio,
1331 1757 1410 1808 eam

261 1867 380 1917 carere
394 1849 609 1917 auctoritate
625 1851 750 1918 Sacrae
767 1850 983 1940 scripturae,
1009 1855 1046 1918 et
1061 1846 1322 1918 ecclesiastieae
1338 1850 1412 1915 tra-

259 1953 409 2023 ditionis
421 1963 531 2044 prout
544 1957 583 2024 in
598 1958 700 2026 libris
715 1961 863 2026 Patrnm
882 1965 919 2028 et
933 1959 1175 2027 Consiliorum
1198 1955 1288 2023 aotis
1301 1955 1410 2024 habe-

258 2067 331 2142 tur;
351 2083 501 2152 eamque
518 2065 701 2154 duplicem
717 2066 887 2135 inducere
897 2067 937 2135 in
944 2065 1103 2136 Ecclesia
1116 2064 1410 2134 infallibilitatem

240 2191 366 2257 ·quam
389 2193 455 2242 neo
469 2175 561 2242 ratio
577 2174 738 2246 admittit
761 2193 827 2246 nec
845 2176 1095 2268 episcoporum
1118 2173 1318 2274 certissima
1331 2175 1414 2260 jura

257 2281 454 2368 patiuntur.

692 2491 883 2612 ,cerni
909 2492 957 2568 11.

289 2705 542 2780 Continuata
563 2707 661 2781 neni
683 2708 938 2896 ᾰαέωιιὶιιο
954 2659 1095 2786 vaano
1117 2705 1197 2783 nol
1219 2703 1387 2797 muna

674 2849 679 2866 ·
752 2835 940 2908 eumne

299 3043 447 3114 Nullum
458 3043 639 3114 clarumet
647 3045 840 3115 indubium
848 3047 1047 3118 sententiae
1055 3043 1413 3120 istiustestimonium

257 3152 295 3220 in
311 3155 416 3221 Sacra
433 3154 617 3243 Scriptura
631 3156 799 3225 occurrit.
810 3158 890 3225 Iria
897 3157 1044 3244 quidem
1056 3157 1136 3224 loca
1147 3161 1414 3226 consueverunt

257 3260 412 3352 allegare
429 3265 505 3352 ejus
522 3266 677 3354 patroni;
695 3268 806 3337 verba
820 3286 949 3357 nempe
973 3265 1103 3335 Christi
1126 3264 1173 3334 ad
1187 3267 1335 3336 Petrum
1359 3265 1412 3335 dis

256 3378 356 3441 recta
371 3374 407 3454 a)
424 3375 549 3442 Matth.
569 3375 663 3460 XVI,
683 3374 807 3459 l7zl93
828 3379 862 3457 b)
879 3377 1026 3447 Ioannis
1041 3377 1143 3457 XXI,
1161 3373 1284 3456 l5-lt;
1301 3376 1333 3460 a)
1345 3377 1412 3444 Lu·

256 3501 317 3550 cae
333 3483 445 3565 XXII,
463 3482 575 3552 ll-l2.

806 3709 836 3776 l.

296 3929 328 4020 al
334 3929 452 4000 Verba
462 3931 628 4005 Christi«
638 3936 752 4028 Super
759 3937 852 4007 hanc
863 3944 1001 4028 petram
1013 3936 1209 4008 aedificabo
1222 3939 1409 4010 eeclesiam

257 4053 387 4108 meam:
407 4046 445 4110 et
456 4048 579 4132 portae
592 4045 698 4115 inferi
721 4067 794 4116 non
806 4048 1258 4138 praevalebunt'adversus
1280 4069 1359 4120 eam
1375 4072 1409 4132 »,

253 4148 449 4220 ostendunt
470 4152 617 4250 quidem
631 4155 809 4225 Christum
822 4158 927 4226 Petro
950 4157 1199 4248 praecaeteris
1223 4158 1406 4246 apostolis,

251 4259 497 4352 priuilegium,
521 4269 562 4334 ut
583 4265 753 4338 ecclesiae
769 4269 1003 4358 praecipuum
1027 4268 1260 4338 ministeriale
1281 4268 1408 4341 funda·
