3458 5232
893 441 1072 515 ..42-

404 593 538 664 tificiae
555 593 774 663 inerrantiae
790 593 931 664 nullum
946 594 985 662 in
1001 593 1045 662 iis
1062 591 1263 662 subsidium
1279 591 1423 662 habere.
1436 591 1561 660 Plures

409 703 556 792 quidem
570 707 690 771 textus
707 703 750 770 ab
764 703 867 771 istius
884 703 1082 772 sententiae
1098 701 1281 771 advocatis
1298 701 1416 792 afferri
1433 703 1560 784 solent,

409 835 498 903 quos
511 811 712 902 expendere
735 833 802 881 nec
816 817 959 901 tempus
982 811 1154 902 suppetit,
1173 831 1239 879 nec
1261 831 1382 880 rorum
1394 811 1565 900 adjuncta

409 924 545 992 sinunt.
553 917 632 990 Non
648 921 779 991 desunt
793 927 915 990 tamen
924 921 1045 1010 plures
1062 921 1221 1011 episcopi
1239 920 1278 989 in
1294 920 1469 989 Vaticano
1485 941 1565 989 con-

409 1031 505 1114 cilio,
531 1029 594 1118 qui
618 1049 824 1098 aesomnes
848 1029 1005 1098 examini
1028 1029 1257 1118 subjecerint,
1283 1028 1416 1117 quique
1443 1049 1480 1098 se
1503 1051 1567 1118 pa·

408 1145 504 1210 ratos
519 1159 594 1206 esse
610 1137 737 1206 dicunt
758 1139 945 1208 ostendere
967 1159 1013 1207 ne
1032 1161 1147 1207 unum
1171 1139 1317 1228 quidem
1341 1139 1565 1209 extantibus

409 1250 538 1332 allatis,
556 1248 620 1336 qui
636 1269 680 1316 ex
696 1251 864 1338 genuinis
880 1256 1045 1320 ueterum
1060 1249 1202 1338 scriptis
1217 1249 1463 1331 desumuntur,
1481 1270 1565 1338 pro·

409 1361 494 1428 bare
517 1362 720 1428 Romanurn
741 1359 953 1429 Pontificem
976 1381 1041 1448 pro
1064 1358 1247 1427 infallibili
1270 1381 1292 1426 a
1305 1359 1488 1430 veteribus
1507 1359 1567 1428 ha

408 1461 528 1538 bitum
550 1469 673 1540 fuisse.
690 1469 732 1537 In
752 1475 881 1539 retain
904 1470 1028 1561 magni
1050 1469 1225 1538 momenti
1246 1470 1445 1558 optandum
1461 1475 1566 1552 esset,

410 1584 464 1661 ut,
491 1599 535 1646 ex
558 1577 742 1647 advocatis
765 1579 953 1666 utriusque
978 1579 1176 1649 sententiae
1199 1578 1238 1645 in
1261 1577 1430 1661 Concili0,
1458 1577 1568 1668 depu-

410 1685 500 1754 tatio
525 1707 587 1755 sex
600 1688 658 1755 vel
675 1692 755 1756 octo
771 1709 815 1757 ex
830 1694 981 1777 utraque
1004 1694 1106 1778 parte
1130 1687 1419 1771 constitueretur,
1437 1688 1569 1776 quibus

412 1815 544 1862 munus
566 1795 774 1864 testimonia
795 1803 939 1888 patrum
969 1799 1175 1866 conferendi
1200 1803 1236 1866 et
1259 1798 1486 1887 expendendi
1513 1798 1572 1866 de·

412 1903 663 1984 mandaretur;
689 1909 726 1972 et
741 1905 804 1992 qui
820 1925 939 1974 coram
963 1907 1140 1996 episcopis
1156 1904 1195 1973 in
1211 1907 1371 1996 generali
1388 1910 1570 1976 conventu

414 2017 646 2099 exponerent,
664 2013 753 2100 quid
776 2014 843 2082 hac
866 2015 905 2082 in
927 2037 966 2084 re
990 2015 1141 2083 senserit
1163 2015 1370 2103 antiquitas.
1396 2015 1464 2083 Sed
1488 2037 1570 2084 cum

413 2119 648 2207 postulationi
671 2121 847 2207 ejusmodi
871 2121 1057 2204 examinis,
1084 2144 1105 2188 a
1127 2121 1291 2210 pluribus
1318 2123 1481 2212 patribus
1504 2122 1572 2191 fac·

413 2234 483 2311 tae,
502 2229 683 2317 praesides
700 2231 982 2299 Eminentissimi
998 2231 1292 2322 congregationis
1308 2231 1489 2300 Generalis
1508 2231 1572 2298 mi·

413 2339 512 2407 nime
535 2340 798 2428 acquieverint,
825 2341 955 2408 omissa
978 2341 1204 2432 singulorum
1231 2345 1399 2408 textuum
1421 2341 1570 2430 indaga-

413 2447 526 2530 tione,
552 2448 624 2516 tria
646 2448 751 2532 facta,
778 2451 822 2517 ab
846 2451 1012 2518 omnibus
1037 2451 1201 2528 admissa,
1219 2448 1258 2518 in
1281 2449 1491 2517 memoriam
1514 2469 1571 2516 re-

414 2559 570 2637 vocabo;
597 2578 708 2644 eaque
732 2549 877 2626 sensum
900 2559 1034 2629 veteris
1058 2539 1234 2627 Ecclesiae
1262 2557 1366 2626 nobis
1390 2557 1570 2639 exhibere,

416 2673 453 2736 et
474 2669 574 2736 nullo
598 2669 705 2734 modo
731 2690 813 2736 cum
827 2670 1016 2739 Pontificia
1039 2669 1309 2750 Infallibilitate,
1329 2666 1444 2756 qualis
1467 2667 1506 2733 in
1520 2687 1573 2734 ca-

416 2795 511 2842 none
536 2774 643 2842 citato
662 2777 769 2862 jacet,
797 2777 963 2866 componi
985 2797 1101 2866 posse,
1127 2775 1313 2845 ostendere
1339 2775 1504 2844 conabor.

980 3000 1011 3069 l.

465 3218 552 3285 Cum
576 3217 784 3306 Cyprianus,
810 3217 1099 3310 Carthaginensis
1122 3218 1330 3308 Episcopus,
1350 3238 1506 3286 errorem
1531 3215 1576 3284 de

420 3325 610 3395 haereticis
634 3328 816 3397 conversis
839 3328 971 3396 iterum
994 3327 1218 3418 baptizandis
1240 3327 1355 3394 tuitus
1378 3325 1515 3408 fuisset,
1541 3330 1577 3392 et

422 3441 546 3503 contra
570 3433 804 3524 Stephanum,
830 3441 1030 3506 Romanum
1052 3444 1140 3507 tunc
1160 3437 1332 3527 temporis
1349 3435 1574 3520 Pontificem,

422 3543 540 3610 acrius
563 3543 791 3626 defendisset,
817 3545 1041 3635 Augustinus
1067 3567 1149 3615 eum
1167 3539 1412 3613 excusandum
1435 3541 1573 3625 habuit,

422 3672 464 3720 00
489 3652 586 3739 quod
609 3655 676 3719 res'
691 3652 735 3720 de
759 3675 831 3740 qua
854 3657 1029 3744 agebatur
1053 3655 1265 3723 auctoritate
1290 3651 1434 3721 concilii
1456 3651 1576 3740 plena-

422 3758 467 3825 rii
489 3757 652 3826 nondum
677 3765 770 3828 esset
792 3759 961 3848 eliquata;
987 3762 1089 3830 nulla
1111 3760 1236 3828 habita
1250 3759 1388 3827 ratione
1406 3757 1576 3848 Stephani

422 3865 633 3949 sententiae,
659 3887 730 3954 qua
753 3868 821 3936 iste
845 3890 944 3937 error
966 3870 1155 3938 damnatus
1179 3873 1283 3952 esset,
1309 3874 1346 3938 et
1369 3889 1450 3956 qua,
1472 3867 1577 3953 juxta

425 3975 640 4043 sententiam
665 3998 773 4064 quam
797 3999 980 4070 oppugno,
1007 4001 1050 4048 ea
1065 3979 1310 4048 controversia
1325 3975 1509 4046 infallibili
1521 3976 1577 4063 Ju-

330 4089 333 4112 '
425 4083 520 4153 dicio
540 4086 616 4173 jam
640 4086 758 4174 sopita
781 4091 843 4156 aut
865 4087 991 4157 suisset
1013 4093 1077 4158 aut
1099 4109 1174 4158 esse
1192 4089 1387 4159 debuisset.
1405 4084 1578 4176 Augusti·

426 4216 514 4264 num
540 4199 636 4264 certe
658 4193 767 4266 latuit
788 4195 998 4267 Pontificiae
1021 4195 1291 4267 Infallibilitatis
1307 4195 1484 4281 doctrina,
1509 4215 1580 4286 qua
