3458 5232
566 939 818 990 THEOLOGORUM
844 939 1035 990 consuimus

269 1140 443 1208 Asserunt
456 1139 665 1210 Pontificiae
682 1139 949 1208 infallibilitatis
966 1137 1109 1228 patroni
1133 1157 1211 1205 eam
1235 1141 1376 1206 senteu-

225 1247 314 1318 tiam
328 1248 416 1318 adeo
433 1249 470 1316 in
486 1249 643 1318 Ecclesia
656 1248 898 1338 praevaluisse
915 1300 923 1330 ,
949 1252 986 1315 et
999 1245 1108 1316 etiam
1120 1266 1216 1316 nunc
1233 1267 1378 1336 praeva-

225 1356 312 1437 lere;
331 1362 367 1426 et
381 1362 456 1425 tam
470 1364 625 1438 strenue,
644 1359 771 1427 saltem
785 1379 806 1424 a
818 1358 925 1446 longe
939 1358 1006 1444 maj
1012 1377 1111 1423 orum
1126 1356 1376 1446 theologorum

226 1488 375 1536 numero
390 1475 653 1559 propugnatam
668 1469 789 1550 fuisse,
809 1472 851 1536 ut
866 1487 945 1536 eam
959 1486 1090 1556 negare
1106 1465 1204 1534 idem
1220 1469 1314 1534 esset
1335 1485 1377 1532 ac

226 1597 380 1648 asserere
394 1579 507 1667 ipsam
525 1580 717 1648 Ecclesiam
737 1597 854 1646 errare
874 1600 881 1658 ;
903 1575 1125 1665 proindeque
1142 1574 1279 1662 eosqui
1296 1594 1374 1642 eam

225 1691 437 1775 oppugnent
452 1685 597 1756 nonnisi
613 1685 756 1754 defectu
771 1683 994 1774 dogmaticae
1009 1680 1242 1763 definitionis,
1268 1701 1376 1768 quam

224 1792 407 1862 ferendam
422 1801 565 1885 urgent,
584 1795 769 1862 haereseos
786 1799 908 1861 notam
924 1793 1093 1882 effugere.
1112 1793 1277 1881 Agnosco
1298 1809 1376 1860 sen·
1444 1881 1449 1890 Ι

224 1901 376 1970 tentiam
385 1923 493 1988 quam
509 1902 787 1991 oppugnandam
803 1902 985 1990 suscepi,a
998 1900 1264 1988 majoresaltem
1276 1899 1374 1968 theo·

116 2045 125 2052 -
224 2011 391 2098 logorum
401 2010 532 2093 schola,
546 2010 642 2078 inter
665 2031 753 2098 quos
764 2011 885 2098 plures
897 2017 982 2080 sunt
997 2009 1165 2078 altarium
1179 2009 1378 2077 honoribus

227 2117 346 2198 aucti,
372 2140 393 2184 a
413 2124 567 2205 quatuor
588 2121 779 2210 praecipue
801 2122 977 2205 saeculis,
1003 2120 1041 2188 in
1066 2118 1222 2188 Ecclesia
1241 2118 1374 2186 multos

226 2228 376 2297 asseclas
398 2228 586 2311 habuisse,
613 2235 649 2298 et
671 2231 788 2298 adhuc
811 2231 953 2298 hahere.
979 2233 1052 2300 Nec
1075 2228 1157 2297 ideo
1174 2247 1300 2296 censeo
1318 2248 1378 2298 eos

226 2335 287 2422 qui
303 2334 364 2402 isti
380 2336 578 2406 sententiae
599 2337 848 2428 refragentur,
875 2339 996 2406 statim
1018 2345 1190 2425 tanquam
1214 2335 1300 2406 fidei
1324 2357 1378 2404 su·

224 2456 365 2540 spectac
389 2451 513 2520 haberi
538 2458 726 2540 oportere;
753 2475 836 2522 oum
861 2473 984 2523 omnes
1011 2454 1134 2522 norint
1156 2453 1254 2520 aliud
1277 2473 1378 2536 esse,

224 2559 381 2646 aliquam
396 2561 611 2630 sententiam
634 2563 673 2630 in
696 2562 853 2632 Ecclesia
875 2563 1101 2650 praevalere,
1128 2560 1237 2643 aliud,
1264 2560 1378 2649 ipsam

225 2667 418 2733 Ecclesiam
435 2687 514 2736 eam
528 2691 631 2738 suam
645 2671 781 2740 fecisse.
803 2673 960 2740 Ecclesia
981 2671 1139 2758 quidem,
1165 2675 1209 2738 ut
1229 2669 1280 2738 ait
1302 2670 1376 2736 Au·

229 2775 407 2864 gostinus,
427 2797 517 2863 quae
534 2785 618 2846 sunt
632 2786 756 2848 contra
771 2781 880 2850 fidem
898 2787 935 2850 et
956 2801 1084 2864 mores,
1110 2801 1227 2868 neque
1250 2781 1380 2868 probat

227 2886 499 2972 nequeamus
512 2887 575 2954 sod
587 2887 820 2958 nihilominus
834 2891 1029 2960 sententias
1044 2911 1134 2979 quae
1148 2890 1258 2958 fidem
1271 2891 1377 2960 attin-

224 2999 324 3082 gant,
343 2995 432 3082 quin
448 2994 481 3064 ei
498 2995 756 3079 contradicant,
774 2999 951 3085 permittit
966 3023 987 3068 a
1003 3000 1170 3068 fidelibus
1191 2999 1303 3070 libere
1325 3005 1376 3068 te-

224 3102 302 3172 neri
318 3109 354 3172 et
370 3103 526 3173 defendi.
544 3106 628 3175 Piae
645 3108 753 3175 etiam
770 3110 968 3178 sententiae
992 3130 1083 3198 quae
1099 3110 1138 3176 in
1154 3109 1299 3198 publico
1327 3119 1380 3178 et

224 3211 296 3278 iam
321 3213 423 3280 cultu
440 3214 632 3302 aliqualem
657 3219 907 3287 auctoritatem
922 3220 1054 3288 habere
1070 3218 1272 3302 videantur,
1285 3239 1378 3307 quae

224 3326 345 3389 tamen
360 3343 434 3390 non
449 3329 621 3412 tanquam
645 3326 829 3397 doctrinae
853 3329 1052 3397 necessario
1076 3328 1275 3398 credendae
1298 3351 1378 3417 pro-

224 3433 420 3517 ponuntur,
439 3431 484 3498 ad
501 3433 655 3522 gradum
671 3434 850 3524 dogmatis
865 3437 971 3505 evehi
987 3444 1184 3525 nequeunt,
1199 3438 1271 3506 nisi
1283 3438 1379 3508 adsit

225 3536 323 3604 aliud
346 3545 628 3627 argumentum,
655 3562 726 3629 quo
751 3548 891 3612 constet
913 3565 971 3613 eas
994 3544 1040 3611 ad
1062 3543 1148 3614 fidei
1172 3545 1378 3635 depositum

134 3698 137 3702 .
226 3643 530 3727 pertinerehdest
545 3669 685 3737 semper
701 3649 827 3719 Divina
838 3650 967 3719 Christi
979 3651 1221 3735 Providentia,
1237 3673 1309 3741 qua
1322 3675 1377 3722 oa·
1458 3707 1459 3712 η

226 3754 286 3818 vet
301 3769 346 3818 ne
361 3752 448 3822 istae
472 3757 681 3838 sententiae,
700 3759 842 3844 quando
865 3758 1099 3830 frmdamento
1123 3767 1289 3846 careant,
1316 3769 1379 3834 aut

228 3856 314 3928 fidei
330 3858 571 3932 monumentis
590 3886 663 3933 non
687 3866 759 3934 sint
776 3873 1056 3954 consentaneae,
1075 3875 1242 3960 supremo
1257 3871 1376 3961 aliquo

224 3969 402 4038 Ecclesiae
415 3971 574 4058 judicio,
601 3975 646 4042 ad
661 3975 770 4044 fidem
787 3978 967 4066 pertinere
984 3980 1221 4050 declarentur.
1238 3973 1298 4050 ‘sse
1313 4001 1378 4070 per

225 4082 330 4170 plura
345 4081 487 4151 saecula
502 4083 622 4174 viguit
636 4087 825 4171 sententia,
841 4089 886 4156 ab
901 4090 1069 4160 omnibus
1080 4090 1153 4161 fere
1166 4090 1377 4161 Christianis
