3458 5232
836 485 992 558 ..8.-

339 642 502 706 mentum
517 641 631 720 esset,
648 633 841 704 contulisse
856 653 865 714 ;
885 631 925 702 id
941 632 1040 720 quod
1054 631 1093 700 in
1112 632 1271 721 primatu
1287 637 1366 702 tum
1383 633 1498 702 hono-

340 747 389 816 ris
411 753 490 816 tum
510 743 771 836 jurisdictionis
793 745 1036 811 Romanorum
1059 741 1299 828 Pontificum,
1324 749 1497 832 tanquam

339 858 706 936 Petrisuccessorum,
722 851 872 922 ecclesia
883 871 1024 940 semper
1040 851 1200 941 agnovit.
1221 855 1311 920 Eum
1328 843 1501 922 autemst

338 969 416 1055 ejus
433 987 652 1036 successores
675 987 697 1032 a
711 963 783 1031 fide
799 961 951 1032 deficere
976 982 1050 1029 non
1066 975 1171 1050 posse
1187 961 1347 1033 ,minime
1370 962 1501 1050 probat

338 1073 683 1157 locuscitatus;cum
700 1093 823 1140 omnes
836 1072 988 1160 apostoli
1007 1071 1135 1140 eodem
1151 1070 1379 1139 fundamenti
1390 1069 1498 1138 titulo

339 1183 562 1254 cohonestati
577 1184 650 1252 sint
666 1183 763 1272 (Eph.
783 1185 826 1260 Il,
844 1181 1145 1272 20,Apecalypsis
1162 1179 1329 1269 XXLl2),
1343 1179 1432 1266 quin
1448 1183 1499 1248 ta·
1526 1265 1528 1269 v

339 1313 423 1361 men
440 1293 479 1361 in
494 1299 653 1363 mentem
675 1293 742 1360 ulli
759 1291 900 1361 venerit
923 1290 1054 1359 exinde
1068 1289 1259 1378 colligere,
1287 1308 1346 1356 eos
1360 1307 1502 1356 eorum-

339 1424 409 1492 que
423 1423 655 1484 successores,
674 1401 712 1470 vi
727 1401 833 1470 istius
849 1399 1113 1489 appellationis,
1125 1397 1346 1466 inerrantiae
1363 1397 1498 1464 donum

338 1513 528 1602 accepisse.
555 1515 607 1580 Ex
618 1511 739 1581 verbis
764 1510 912 1598 quidem
933 1508 1076 1591 Christi,
1104 1507 1150 1575 ad
1168 1529 1291 1576 omnes
1304 1493 1496 1596 apostolos,
1604 1563 1609 1572 .

337 1623 442 1688 Petro
452 1641 535 1688 cum
548 1617 697 1703 caeteris
714 1621 983 1698 connumerata
1003 1615 1150 1691 directis
1167 1617 1311 1704 (Matth.
1333 1619 1494 1698 XXVIII,

337 1727 640 1817 25-28),'eruitur,
668 1728 882 1816 promissam
904 1727 976 1793 illis
1000 1725 1111 1794 fuisse
1141 1727 1303 1795 divinam
1328 1727 1497 1794 assisten-

339 1839 440 1922 tiam,
457 1861 529 1926 qua
544 1843 691 1927 possent
707 1859 838 1906 munus
853 1838 898 1905 iis
915 1837 1172 1905 demandatum
1196 1836 1366 1904 adfinem
1380 1855 1495 1922 usque

303 1947 306 1954 “
340 1948 565 2016 saeculorum
588 1946 796 2034 adimplere.
822 1949 916 2013 Haec
934 1945 1127 2028 conclusio,
1153 1965 1294 2012 nonen
1308 1943 1494 2032 metaphe-

338 2055 414 2123 rica
428 2054 618 2136 locutione,
639 2055 701 2122 sed
716 2075 760 2122 ex
774 2054 929 2143 simplici
941 2055 1132 2124 verborum
1150 2053 1280 2122 Christi
1298 2051 1496 2120 enunciatu

339 2163 506 2246 deducta,
530 2165 699 2246 ostendit,
718 2169 893 2251 quantum
914 2163 1010 2231 inter
1029 2183 1065 2230 se
1083 2163 1219 2231 distent
1241 2161 1418 2238 Ecclesiae
1436 2164 1506 2228 ln·-

336 2271 564 2340 fallibilitatis
577 2273 740 2360 probatio
751 2278 839 2340 etea
852 2283 960 2358 quam
971 2293 1015 2340 ex
1022 2271 1179 2361 figurato
1192 2269 1365 2358 loquendi
1373 2269 1493 2352 mode,

336 2381 462 2448 Matth.
482 2383 575 2448 XVI.
595 2381 770 2463 adhibite,
790 2402 898 2469 quem
913 2383 1035 2448 Patres
1059 2381 1135 2447 tam
1153 2377 1495 2468 varieinterpretati

338 2495 433 2572 sunt,
449 2489 601 2558 educere
626 2495 801 2557 conantur
816 2489 1027 2558 Pontificiae
1051 2487 1268 2557 inerrantiae
1289 2493 1490 2556 assertores.

337 2601 461 2687 Neque
477 2599 619 2668 dicatur
641 2600 796 2668 aedificii
811 2597 1021 2670 firmitatem
1043 2598 1082 2666 in
1100 2618 1137 2667 se
1154 2599 1337 2668 continere
1363 2597 1492 2666 sunda-

337 2708 526 2791 menti,cui
536 2709 805 2779 inaedificatum
813 2709 1172 2793 sit‚stabilitatem;id
1182 2709 1279 2798 quod
1291 2729 1417 2779 verum
1425 2713 1490 2789 est;

337 2822 400 2889 sed
417 2822 546 2891 exinde
561 2844 635 2890 non
650 2823 812 2911 sequitur
826 2823 926 2890 illam
942 2824 987 2890 ab
1004 2843 1046 2892 ea
1060 2822 1229 2904 derivare
1246 2842 1328 2891 cum
1345 2823 1418 2890 dici
1429 2824 1492 2891 de-

335 2931 619 2998 beatChristum
639 2932 808 3020 utrique,
838 2932 1058 3020 conjunctim
1077 2953 1151 2999 non
1180 2936 1302 3000 autem
1325 2931 1489 3016 divisim,

336 3037 545 3128 providisse,
572 3045 615 3108 ut
629 3062 673 3109 ex
687 3042 808 3111 verbis
833 3034 941 3131 supra
964 3041 1080 3110 allatis
1105 3045 1254 3120 constat;
1270 3037 1492 3127 proindeque

337 3169 397 3216 eos
413 3168 531 3216 errare
546 3149 609 3238 qui
625 3170 714 3238 quos
727 3153 817 3218 Deus
831 3150 1018 3238 conjunxit
1034 3169 1198 3238 separare
1213 3153 1403 3231 attentem,
1418 3169 1491 3216 non

337 3261 458 3326 sutem
475 3277 534 3326 eos
561 3259 623 3345 qui
639 3259 839 3348 utriusque,
867 3266 947 3328 tum
969 3259 1197 3328 fundamenti
1220 3265 1300 3326 tum
1320 3257 1489 3340 aedificii,

332 3367 417 3454 jura
439 3387 479 3435 ac
495 3366 705 3458 privilegia,
730 3370 863 3457 absque
883 3368 1091 3437 alterutrius
1116 3367 1359 3451 detrimento,
1381 3369 1493 3436 tutari

338 3479 525 3543 conentur.
924 3497 928 3500 ·

381 3581 408 3665 b)
430 3581 549 3650 Verba
560 3581 690 3650 Christi
707 3581 752 3650 ad
766 3586 913 3652 Petrum
934 3583 1095 3672 (loannis
1111 3586 1204 3651 XXI.
1225 3582 1349 3670 45-47)
1365 3583 1496 3671 quibus

335 3689 369 3759 ei
382 3711 492 3782 agnos
501 3696 538 3760 et
550 3712 632 3762 oves
642 3691 838 3780 pascendos
848 3693 1082 3776 concredidit,
1095 3693 1290 3763 ostendunt
1304 3697 1452 3783 quidem
1463 3694 1497 3764 ei

212 3875 213 3878 Ἴ
335 3798 506 3870 collatum
520 3801 629 3871 fuisse
646 3823 777 3870 munus
791 3804 969 3891 pastorale
985 3803 1082 3891 quod
1092 3802 1354 3874 aduniversum
1367 3803 1497 3874 Christi

337 3929 485 3998 gregem
510 3930 585 3978 sese
602 3911 834 3990 extenderet,
854 3911 942 3998 quin
958 3916 1080 3981 tamen
1091 3899 1093 3903 ¹
1105 3913 1234 3982 exinde
1252 3922 1442 4004 sequatur,
1462 3913 1495 3983 ei

336 4017 452 4107 magis
465 4039 574 4107 quam
591 4021 741 4088 caeteris
758 4021 939 4110 apostolis,
961 4022 1087 4091 eodem
1103 4043 1252 4106 munere
1268 4045 1415 4114 gregem
1432 4025 1496 4089 Dc-

335 4125 512 4193 minicum
527 4126 699 4216 pascendi
717 4126 850 4211 auctis,
869 4129 1085 4217 promissum
1108 4128 1217 4198 fuisse
1239 4131 1374 4198 donum
1395 4130 1493 4198 iner-

335 4234 492 4317 rantiae;
508 4255 591 4306 cum
603 4236 708 4306 aliter
718 4237 878 4308 Christus
895 4239 1072 4310 Ecclesiae
1086 4237 1392 4310 indefectibilitati
1404 4243 1497 4308 esset
