3458 5232
222 596 417 666 Ecclesiam
434 595 667 679 «maximam,
684 599 719 664 et
737 593 1035 682 antiquissimam,
1054 592 1098 658 ab
1115 589 1283 680 apostolis
1298 590 1377 680 fun-

224 709 357 789 datam,
375 707 543 794 adquam
560 714 706 796 propter
721 707 896 797 potiorem
912 703 1215 795 principalitatem
1229 725 1374 774 necesse

225 839 300 886 esse
319 833 461 886 omnem
478 819 671 888 convenire
687 818 885 900 ecclesiam,
902 815 941 882 id
955 821 1029 897 est,
1051 835 1174 882 omnes
1189 815 1252 902 qui
1267 815 1375 882 undi-
1419 909 1423 914 Ι
1478 894 1479 897 ¹

225 951 294 1016 que
313 934 432 998 essent
448 927 612 996 fideles».
625 929 666 995 ln
681 928 738 995 his
752 927 870 997 verbis
883 925 956 994 duo
971 929 1056 992 sunt
1070 924 1326 1014 perpendenda
1342 928 1378 991 et

225 1039 494 1130 distinguenda
509 1037 623 1128 ¹aliud,
642 1037 698 1105 vis
718 1036 933 1126 argumenti;
959 1034 1069 1116 aliud,
1083 1033 1282 1123 designatio
1305 1037 1376 1102 Ro-

224 1167 350 1216 manae
374 1146 552 1215 Ecclesiae
576 1147 621 1213 ob
645 1145 821 1235 potiorem
844 1144 1160 1234 principalitatem.
1185 1143 1248 1210 Vis
1272 1161 1378 1232 argu·

226 1259 340 1328 menti
355 1279 429 1326 non
445 1261 499 1325 est
515 1255 687 1338 derivata,
706 1254 744 1322 in
760 1259 879 1321 mente
895 1253 1033 1322 irenaei
1048 1308 1055 1336 ,
1073 1277 1118 1324 ex
1132 1253 1204 1322 fide
1220 1260 1283 1322 aut
1298 1275 1378 1322 auc-

227 1369 372 1436 toritate
389 1363 557 1432 ecclesiae
571 1385 680 1450 quam
697 1363 736 1429 in
753 1349 974 1432 caeterarum
992 1363 1196 1452 exemplum
1212 1363 1376 1452 sumpsit,

228 1477 290 1543 sed
307 1475 344 1542 in
363 1472 593 1542 consensione
609 1471 772 1538 omnium
789 1470 1020 1539 ecclesiarum
1035 1491 1126 1558 quae
1141 1471 1179 1536 in
1190 1473 1258 1540 ista
1270 1473 1378 1540 eccle-

228 1585 278 1652 sia
296 1583 542 1651 exhibebatur.
560 1585 721 1649 Romana
736 1601 865 1669 nempe
882 1580 1033 1649 ecclesia
1046 1581 1202 1649 maxima
1216 1588 1303 1664 erat,
1318 1604 1377 1649 an-

228 1693 447 1780 tiquissima,
459 1696 496 1758 et
512 1691 556 1757 ab
573 1692 741 1778 apostolis
756 1691 915 1757 fundata.
934 1691 1082 1758 Omnem
1093 1690 1278 1759 ecclesiam
1295 1711 1377 1758 cum

227 1826 269 1873 ea
284 1803 322 1868 in
339 1800 411 1870 fide
429 1799 622 1868 convenire
640 1801 894 1870 ostendebatur
909 1822 973 1890 per
1000 1805 1075 1890 ejus
1091 1802 1267 1889 potiorem
1282 1803 1379 1890 prin-

228 1915 460 2003 cipalitatem,
482 1933 564 1978 cum
582 1931 703 1978 omnes
721 1909 901 1994 ecclesiae,
921 1911 1048 1993 idest,
1070 1930 1191 1978 omnes
1215 1911 1376 1999 undique

229 2025 365 2103 fideles,
379 2043 461 2088 cum
485 2043 526 2088 ea
550 2021 739 2090 convenire
764 2021 939 2101 debeant;
965 2042 1049 2087 nam
1071 2020 1379 2118 frequentissimae

232 2131 433 2200 occasiones
450 2151 537 2218 quas
553 2129 733 2197 habebant
748 2129 792 2195 ad
813 2130 1129 2226 civitatem,totius
1152 2131 1296 2219 Imperii
1319 2153 1376 2199 ca-

230 2248 306 2331 put,
325 2242 369 2308 ob
384 2239 530 2330 negotia
545 2239 752 2322 eundi—id
763 2241 859 2308 enim
873 2241 1075 2331 significare
1090 2245 1207 2329 potest
1220 2259 1291 2312 vox
1306 2263 1382 2309 corr-

228 2353 348 2432 omire,
364 2348 439 2418 vim
453 2345 552 2419 vocis
567 2352 719 2430 Graecae
736 2369 826 2435 quae
844 2370 917 2416 non
931 2348 1032 2417 adest
1043 2346 1134 2418 for'te
1147 2350 1266 2418 minus
1282 2354 1378 2418 recte

229 2455 539 2527 reddens-fidem
554 2457 630 2544 ejus
643 2461 867 2545 perspectam
881 2457 1039 2524 habendi
1052 2456 1191 2546 copiam
1205 2457 1380 2527 fecerunt.

228 2567 316 2632 Cum
332 2568 375 2633 ab
385 2564 532 2633 istafide
548 2585 621 2631 non
636 2565 878 2646 dissentirent,
889 2565 1038 2636 obvium
1053 2570 1130 2632 erat
1140 2564 1381 2634 fidemRoma·

230 2673 484 2761 nae'licelesiae
495 2673 657 2742 eamdem
668 2695 859 2762 essequam
873 2679 1033 2744 caeterae
1047 2674 1216 2745 ecclesiae
1228 2675 1383 2764 particu-

231 2781 323 2848 lares
338 2783 611 2869 profitebantur,
630 2805 712 2852 cum
727 2785 765 2851 in
782 2785 889 2853 sacris
910 2785 1005 2853 inter
1021 2806 1057 2853 se
1074 2786 1382 2856 communicarent

230 2889 355 2957 fideles
371 2891 532 2977 undique
550 2913 590 2959 ec
607 2893 867 2964 convenientes.
887 2896 938 2961 Ex
961 2894 1060 2961 nulla
1076 2895 1145 2962 alia
1160 2895 1309 2962 ecclesia
1323 2917 1380 2964 ex-

229 2999 390 3086 emplum
407 3000 500 3067 sumi
515 3006 656 3089 poterat
671 3002 767 3088 quod
783 3024 904 3071 omnes
926 3003 1103 3085 ecclesias,
1126 3002 1164 3069 id
1185 3007 1239 3070 est
1259 3001 1382 3071 fideles

230 3107 294 3196 qui
310 3108 472 3196 undique
489 3116 617 3192 essent,
636 3111 675 3177 in
691 3109 762 3180 fide
779 3113 971 3182 concordes
988 3133 1063 3180 esse
1082 3117 1157 3179 tam
1178 3113 1382 3181 luculenter

231 3219 474 3288 demonstrare
499 3219 685 3308 potuisset.
711 3223 813 3290 Hunc
837 3223 1029 3291 verborum
1052 3222 1189 3290 Irenaei
1210 3243 1378 3308 sensum,

230 3326 420 3395 deficiente
436 3331 567 3398 Graeco
590 3336 705 3414 textu,
733 3355 839 3422 scopo
865 3335 940 3420 ejus
964 3332 1078 3422 magis
1103 3339 1381 3402 consentaneum

230 3456 306 3504 esse
323 3436 500 3520 existimo,
521 3460 628 3526 quam
640 3443 877 3530 receptiorem
895 3465 902 3522 ;
922 3448 1016 3510 etex
1036 3442 1081 3510 iis
1096 3463 1186 3529 quae
1203 3443 1240 3508 in
1263 3441 1379 3530 capite

230 3546 465 3634 subsequenti
480 3547 659 3616 habentur
673 3549 983 3620 confirmationem
995 3551 1212 3640 accipereln
1228 3569 1269 3618 eo
1284 3549 1380 3618 enim

231 3655 382 3722 resumit
396 3661 650 3745 argumentum
666 3657 851 3739 Irenaeus;
870 3663 906 3726 et
921 3657 1030 3727 fidem
1049 3659 1280 3727 ecclesiarum
1296 3679 1382 3747 apo·

232 3762 438 3832 stolicarum
454 3773 639 3854 tamquam
655 3787 837 3835 summum
847 3766 1008 3837 veritatis
1025 3767 1210 3836 criterium
1223 3770 1378 3838 invocat.

231 3868 281 3939 Ex
297 3869 373 3960 ejus
390 3877 510 3941 autem
527 3873 659 3957 verbis,
670 3896 885 3964 quocunque
901 3897 1007 3945 sensu
1023 3876 1382 3969 intelligantur,Pon·

228 3979 379 4049 tificiam
408 3981 701 4053 infallibilitatem
717 3985 847 4054 deduci
862 4001 982 4076 posse,
1008 4009 1114 4056 nemo
1131 3989 1194 4077 qui
1224 3989 1380 4077 partium

231 4089 349 4160 studio
373 4110 444 4160 non
471 4091 517 4158 sit
541 4092 728 4180 abreptus,
742 4093 1001 4206 facile'credet.
