3458 5232
726 459 902 532 *49²-

234 610 278 682 de
292 609 428 679 factum
445 615 498 680 est
507 617 549 681 ut
563 612 675 702 legati
690 611 842 681 Romani
853 609 1038 679 Pontifiois
1051 609 1208 700 primum
1223 610 1388 680 locumin

235 720 396 789 conciliis
413 719 641 810 generalibus
657 721 843 800 haberent;
858 723 894 788 et
904 724 986 787 ante
1003 739 1125 788 omnes
1138 704 1323 808 episcopos
1330 718 1388 785 de·

235 831 341 898 cretis
358 829 507 897 nomina
521 851 588 899 sua
600 829 842 918 apposuerint,
861 827 1024 916 quamvis
1031 827 1113 917 ipsi,
1127 827 1385 916 utplurimum,

234 938 377 1007 nonnisi
393 938 595 1028 presbyteri
612 945 674 1006 aut
689 939 830 1007 diaconi
848 943 977 1008 essent:
995 937 1080 1006 inde
1096 958 1237 1026 quoquo
1252 936 1387 1006 factum
1412 925 1415 932 ’

234 1035 300 1130 est,
318 1048 513 1139 praecipue
529 1053 610 1136 post
625 1045 832 1116 Sardicense
847 1047 1057 1128 Concilium,
1071 1053 1114 1116 ut
1129 1045 1386 1136 appellationes

233 1156 279 1226 ad
293 1177 371 1224 eam
383 1157 427 1224 ab
437 1156 537 1224 omni
545 1156 784 1244 undecunque
797 1161 897 1245 parte
909 1155 1022 1223 factae
1031 1154 1176 1224 fuerint.
1186 1155 1385 1223 Primatum

174 1305 175 1308 =
233 1265 330 1334 hunc
344 1272 423 1332 tum
438 1264 583 1333 honoris
599 1269 677 1332 tum
690 1264 953 1353 jurisdictionis
976 1285 1163 1352 nunquam
1184 1269 1306 1333 tamen
1320 1284 1386 1353 pro

235 1393 403 1461 suprema
417 1372 642 1454 auctoritate,
656 1370 772 1459 qualis
795 1371 834 1438 in
845 1392 956 1460 regno
980 1369 1208 1438 monarchioo
1232 1371 1384 1453 obtinet,

234 1477 365 1547 habuit
383 1478 533 1548 ecclesia
561 1477 721 1567 autiqua;
740 1477 988 1566 sententiaque
1012 1482 1206 1565 utrumque
1238 1477 1388 1546 confun-

235 1586 323 1654 dens
338 1585 481 1653 nonnisi
497 1585 647 1654 saeculis
663 1585 922 1653 recentioribus
945 1585 1151 1654 introducta
1174 1591 1240 1670 cst,
1259 1592 1390 1676 etpost

234 1695 388 1765 Lainesii
405 1686 585 1765 celebrem
600 1694 638 1761 in
654 1693 811 1762 Concilio
828 1693 1035 1762 Tridentino
1052 1695 1262 1764 concionem
1284 1716 1387 1784 prae-

235 1807 339 1895 cipue
352 1804 686 1877 invaiuit.Admissa
699 1805 766 1898 hac
781 1804 968 1887 sententia,
979 1804 1145 1872 Pontifex
1163 1810 1216 1872 est
1231 1804 1388 1872 ineocle-

236 1913 289 1981 sia
300 1914 391 1996 fons,
408 1933 482 1980 non
493 1912 639 1998 quidem
649 1913 863 2002 originarius
878 1913 940 1980 sed
955 1907 1202 2000 depositarius,
1227 1911 1389 1981 omnium

239 2022 437 2112 gratiarum
449 2019 750 2103 ministerialium,
761 2021 853 2090 siout
864 2021 902 2088 in
913 2042 1026 2111 regno
1036 2042 1100 2090 rex
1108 2027 1161 2090 est
1173 2022 1334 2090 omnium
1343 2022 1390 2089 fa-

239 2127 415 2195 cultatum
430 2127 469 2194 in
485 2148 597 2216 regno
612 2128 894 2195 administrando
911 2128 1013 2217 origo
1030 2133 1066 2196 et
1082 2127 1315 2218 dispensator.
1328 2133 1390 2199 Su-

236 2256 380 2324 premae
395 2235 578 2304 Pontifiois
594 2236 800 2306 auctoritati
815 2236 866 2304 sic
882 2243 1086 2326 conceptae,
1102 2259 1174 2306 non
1189 2245 1243 2307 est
1254 2240 1387 2308 mirum

236 2348 313 2434 ejus
329 2345 485 2414 fautores
501 2344 794 2414 infallibilitatem
809 2345 915 2414 etiam
927 2345 1123 2417 attribuere
1138 2349 1242 2432 vene,
1256 2354 1386 2417 ettunc

234 2459 382 2527 tandem
396 2478 485 2546 opus
500 2456 699 2545 perfectum
711 2455 897 2523 habituros
912 2455 983 2523 sibi
1000 2458 1226 2544 persuadere,
1244 2459 1387 2546 quando

235 2570 349 2655 Papa,
368 2567 462 2634 sicut
478 2565 594 2634 omnis
610 2564 796 2654 potestatis
809 2565 1066 2648 ministerialis,
1081 2567 1132 2634 sic
1147 2567 1263 2634 omnis
1279 2567 1405 2634 etiam·

237 2673 411 2754 veritatis,
429 2675 653 2760 dispensator
663 2679 887 2762 agnoscatur.
897 2671 1168 2762 Audiaturquid
1178 2675 1296 2745 dehac
1306 2676 1388 2744 idea

238 2778 1388 2866 monarchalispotestatisRomaniPontificissenseritvirCatho-
1489 2829 1494 2842 ι

236 2886 340 2970 licuS,
357 2890 537 2955 Romanae
554 2887 652 2954 Sedis
669 2883 960 2974 studiosissimus,
982 2897 1019 2960 et
1035 2891 1234 2983 disciplinis
1249 2895 1387 2963 theolo-

239 2997 330 3087 gicis
347 2995 625 3078 excultissimuS,
650 2995 688 3063 in
715 2996 844 3066 litteris
863 3021 950 3087 quas
968 3001 1108 3091 anglice
1124 3001 1279 3092 scripsit,
1305 3010 1387 3073 ante

236 3106 422 3196 sexaginta
435 3106 517 3195 plus
532 3104 696 3176 minusve
711 3126 834 3188 annos,
845 3108 883 3174 in
895 3108 1138 3180 defensionem
1151 3111 1288 3198 Jurium
1298 3114 1388 3180 Pon·

235 3216 375 3290 tificum
392 3221 429 3284 et
444 3215 705 3306 episcoporum,
724 3237 805 3284 cunr
818 3201 969 3306 utraque
994 3219 1015 3286 t
1030 3220 1212 3289 sacerdote
1227 3221 1385 3290 Hiberno
1463 3289 1466 3298 ,

235 3323 275 3420 in
291 3325 441 3393 dubium
459 3327 743 3396 vocatafuerint.
1098 3337 1104 3354 ‘

281 3457 299 3501 «
324 3437 563 3522 Quaecunque
580 3435 627 3503 sit
642 3437 836 3505 auctoritas
859 3457 950 3525 quae
967 3436 1005 3505 in
1021 3438 1178 3508 Ecclesia
1200 3438 1312 3530 viget,
1330 3460 1388 3509 ne
1481 3424 1483 3432 ¹

236 3565 331 3613 cesse
345 3548 399 3614 est
412 3565 491 3613 eam
507 3568 528 3614 a
543 3545 642 3614 civili
658 3551 834 3636 potestate
844 3548 941 3615 haud
954 3549 1074 3618 minus
1088 3535 1197 3643 proni
1207 3550 1390 3636 quamori·

238 3655 322 3740 gine
352 3656 560 3726 distinctam
584 3678 787 3748 agnoscere.
814 3658 1053 3729 Ecclesiastici
1076 3658 1245 3750 gubernii
1268 3657 1387 3726 ideam
1413 3687 1415 3691 ⁴

238 3759 348 3827 alicui
364 3764 545 3832 euformis
561 3785 649 3852 quas
656 3764 833 3832 humanae
846 3765 1033 3834 societates
1048 3764 1258 3849 induerunt,
1269 3765 1388 3852 aequi·

237 3888 364 3959 parare
377 3871 551 3939 absonum
567 3877 631 3941 est.
650 3873 743 3941 Illud
758 3878 929 3960 tanquam
943 3874 1223 3958 monarchicum,
1243 3875 1386 3944 senari·

239 3978 482 4060 stocraticum,
503 3998 565 4048 seu
579 3980 872 4064 democraticum,
891 3986 953 4050 eut
968 3981 1105 4070 aliquid
1119 4003 1163 4050 ex
1176 3983 1233 4051 his
1245 3999 1389 4072 ‘compo-

237 4084 358 4167 situm,
375 4083 556 4167 exhibere,
568 4086 690 4174 prodit
703 4092 863 4155 mentem
879 4087 1033 4157 alienam
1049 4111 1071 4156 a
1083 4089 1276 4179 propositis
1290 4091 1386 4160 salu-

124 4229 126 4236 >
235 4193 373 4263 taribus
387 4198 425 4265 et
439 4189 594 4264 aeternis
609 4194 807 4284 Evangelii,
833 4216 925 4285 quae
940 4195 980 4266 in
995 4197 1071 4268 sola
1084 4198 1242 4274 Ecclesia
1258 4199 1385 4272 Catho-
