3458 5232
681 384 860 456 ..45-

237 551 279 618 In
294 546 423 624 octaua
445 533 677 626 subsequenti
700 531 870 618 sessione,
888 549 980 620 quae
996 529 1055 600 die
1075 528 1148 598 tm*
1166 528 1286 606 Martii
1298 529 1357 600 ha·

193 657 272 728 bita
283 659 349 737 est,

237 805 282 820 -
296 759 515 852 «Gregorius
530 753 776 853 sanctissimus
793 745 1083 842 archiepiscopus
1101 751 1354 822 Constantino·

143 941 150 950 ,
195 857 316 968 poleos
329 869 439 948 dixit3
456 862 667 954 inspiciens,
678 861 741 932 Pie
753 859 914 943 Domine,
929 879 1074 930 omnem
1087 859 1264 930 virtutem
1275 879 1356 950 sug-

195 982 399 1076 gestionum
415 975 631 1045 directarum
648 970 694 1038 ad
709 969 907 1059 piissimam
925 973 1082 1040 vestram
1104 965 1355 1038 fortitudinem

194 1099 274 1162 tum
290 1091 335 1158 ab
349 1086 538 1178 Agathone
561 1079 784 1148 sanctissimo
806 1079 904 1166 Papa
925 1079 1077 1160 Romae,
1092 1093 1201 1164 quam
1217 1079 1262 1144 ab
1281 1079 1358 1166 ejus

195 1199 346 1292 synodo,
365 1201 402 1266 et
425 1197 585 1261 scrutans
609 1188 720 1257 libros
743 1189 950 1262 sanctorum
974 1187 1010 1251 et
1032 1183 1278 1273 probabilium
1293 1206 1357 1274 pa⁴

196 1315 307 1390 trum,
325 1304 388 1394 qui
401 1301 549 1392 repositi
572 1303 657 1367 sunt
672 1296 711 1364 in
723 1292 922 1364 venerabili
945 1313 1025 1358 meo
1049 1291 1282 1380 patriarchio,
1299 1291 1357 1362 in·
1441 1282 1443 1286 ’

198 1415 283 1487 veni
295 1418 425 1483 cuncta
446 1409 653 1482 testimonia
676 1410 882 1474 sanctorum
899 1423 939 1472 ac
955 1401 1198 1492 probabilium
1214 1407 1359 1492 patrum

199 1545 290 1616 quae
314 1523 352 1591 in
375 1522 504 1590 iisdem
527 1518 821 1611 suggestionibus
845 1515 1094 1618 continentur,
1110 1513 1358 1596 consonantia,

198 1639 236 1704 et
248 1619 404 1701 innodo
417 1627 660 1717 discrepantia
676 1647 697 1692 a
713 1624 845 1692 sanctis
862 1644 902 1691 ac
916 1622 1164 1711 probabilibus
1180 1621 1357 1711 patribus,

200 1747 237 1810 et
253 1737 438 1810 consentio
455 1735 524 1818 hie,
542 1740 580 1802 et
592 1733 645 1801 sic
662 1729 833 1821 profiteor
848 1735 884 1798 et
899 1729 1051 1798 credo.»
1076 1730 1116 1820 (l)

242 1853 355 1928 Quam
366 1849 455 1916 haec
474 1845 616 1915 diversa
632 1841 706 1909 sint
718 1840 762 1907 ab
775 1839 819 1908 iis
833 1861 923 1928 quae
941 1841 1094 1930 scriptor
1109 1840 1147 1908 in
1163 1838 1286 1908 libello
1304 1856 1360 1906 su·

199 1959 374 2050 pracitato
389 1954 517 2033 refert;
536 1972 580 2020 ex
597 1951 699 2038 cujus
723 1948 927 2017 narratione
951 1948 1031 2040 quis
1055 1949 1231 2036 conjicere
1248 1948 1361 2038 possit

199 2069 339 2136 litteras
351 2063 563 2156 Agathonis,
583 2062 705 2130 statim
729 2066 845 2147 atque.
860 2059 987 2128 allatae
1009 2059 1195 2146 lectaeque
1210 2056 1358 2142 fuerint,

201 2178 336 2264 absque
353 2175 427 2244 ullo
445 2172 621 2255 examine,
641 2175 802 2258 receptas
814 2165 936 2238 fuisse!

244 2287 294 2352 Ex
312 2285 378 2354 hac
397 2282 506 2352 etiam
521 2301 641 2348 rerum
667 2280 758 2348 serie
784 2298 876 2366 quae
890 2277 930 2344 in
945 2278 1015 2345 isto
1029 2277 1186 2350 Concilio
1203 2279 1361 2370 contige·

198 2398 297 2476 runt,
314 2396 464 2482 apparet
481 2390 620 2459 litteras
637 2388 837 2478 Agathonis
862 2405 936 2454 non
952 2385 1069 2454 solum
1083 2386 1236 2456 Romani
1251 2387 1362 2457 solius

196 2501 394 2585 Pontificio,
411 2500 474 2569 sed
494 2522 512 2566 «
531 2499 712 2587 subjectae
730 2499 763 2567 ei
778 2497 939 2588 synodi»
954 2497 1061 2566 simul
1076 2497 1218 2568 habitas
1237 2497 1359 2568 fuisse.

161 2609 240 2700 “Id
257 2611 365 2680 etiam
397 2611 496 2678 ualet
520 2609 565 2678 de
584 2609 716 2679 litteris
739 2596 828 2696 quas
852 2608 897 2675 ad
920 2606 1294 2678 ConciliaOrientalia
1317 2610 1363 2679 de

200 2720 309 2786 rebus
323 2717 410 2784 fidei
427 2717 511 2784 dare
534 2722 803 2786 consueverunt
818 2717 970 2784 Romani
986 2716 1164 2806 Episcopi,
1182 2738 1274 2805 quae
1289 2739 1363 2788 non

200 2826 316 2895 solum
343 2826 419 2913 ejus
443 2824 506 2892 sed
529 2823 676 2914 insuper
689 2826 865 2895 Ecclesiae
882 2825 1120 2895 Occidentalis
1129 2825 1269 2914 judicia
1281 2849 1362 2896 con·

199 2937 315 3006 tinere
346 2935 596 3003 censebantur.
630 2937 680 3001 Ex
699 2935 898 3004 honorifica
920 2936 1071 3026 proinde
1096 2937 1247 3004 istarum
1270 2937 1363 3007 litte·

200 3067 323 3115 rarum
348 3041 595 3134 acceptatione
618 3045 663 3112 ab
688 3045 927 3114 Orientalibus
950 3045 1003 3113 nil
1026 3045 1184 3116 derivari
1203 3047 1362 3135 possein

200 3153 451 3247 probationem
465 3153 618 3222 Romani
635 3153 821 3224 Pontificis
844 3149 1112 3228 infallibilitatis
1130 3155 1277 3226 obvium
1293 3163 1359 3227 est.

200 3265 267 3344 Qui
281 3263 430 3332 Honorii
446 3265 588 3354 lapsum
605 3265 691 3334 olim
709 3257 880 3336 excusare
904 3268 1145 3352 attentabant,
1161 3287 1245 3336 eum
1259 3267 1363 3356 adju-

201 3373 293 3442 torio
310 3371 455 3442 concilii
472 3393 579 3442 usum
596 3395 669 3442 non
689 3363 777 3458 esse,
798 3396 880 3444 oum
897 3374 1058 3444 infelices
1071 3374 1117 3444 ad
1127 3373 1291 3468 Sergium
1305 3375 1362 3446 de·

201 3483 312 3586 disset
341 3481 503 3566 litteras,
538 3485 837 3580 praetendebant.
865 3485 903 3576 (2)
933 3490 1017 3554 Tam
1047 3488 1156 3578 longe
1182 3486 1363 3578 progressi

202 3597 287 3663 sunt
302 3593 465 3661 moderni
479 3591 689 3663 Pontificiae
702 3593 936 3674 Auctoritatis
952 3593 1119 3665 advocati
1134 3614 1220 3686 prae
1237 3613 1362 3664 eorum

204 3701 507 3783 antecessoribus;
537 3724 620 3794 cum
640 3704 840 3789 ,hodiedum
863 3705 982 3796 ipsum
1008 3703 1137 3796 synodi
1161 3723 1293 3776 nomen
1310 3701 1362 3802 iis

202 3805 365 3877 invisum
387 3830 462 3880 esso
485 3813 664 3886 videatur.
915 3801 918 3808 ¹

244 3969 294 4053 (1)
315 3973 419 4035 Labbc
437 3975 494 4039 xi.
516 3993 568 4055 pp.
588 3980 658 4042 331,
678 3981 750 4046 338.
773 3981 926 4044 venetiis·
948 3980 1035 4045 1707.

246 4072 293 4155 (Β)
319 4074 469 4138 Collectio
487 4079 678 4142 iudiciorum
699 4083 736 4142 da
758 4083 1036 4147 noviserrooiuus
1056 4083 1104 4145 Du
1123 4082 1252 4145 Plateis.
1273 4081 1363 4146 d'Ar·

201 4177 320 4252 genua
341 4174 448 4239 Ponat
467 4189 499 4257 p.
521 4179 551 4242 4.
572 4177 674 4242 Paris.
697 4178 785 4270 lit&
