3458 5232
698 448 875 521 ...35-
959 461 964 468 ·

212 599 303 667 tima
327 595 468 667 saecula
490 613 655 684 perpessa
679 593 742 677 sit,
761 599 824 662 aut
849 614 922 662 non
946 597 1020 662 tam
1042 593 1113 662 late
1140 591 1354 684 pervadere,

215 711 279 775 aut
304 705 466 776 tamdiu
491 704 707 793 perdurare,
737 703 906 792 potuisse,
936 703 967 771 si
994 702 1146 772 concilia
1171 701 1353 794 generalia
1460 768 1465 777 ,

217 817 325 884 citius
350 821 386 884 et
411 814 570 883 crebrius
591 835 699 902 quam
721 819 802 882 actu
827 813 949 884 evenit
968 813 1146 882 celebrata
1170 817 1298 880 essent.

258 927 308 991 Ex
331 925 387 992 his
411 924 573 1012 sequitur
595 923 633 991 in
656 924 822 992 Conciliis
838 923 1068 994 Generalibus
1082 924 1255 991 moralem
1269 941 1357 988 una-

213 1031 415 1102 nimitatem
429 1032 680 1121 suffragiorum
702 1032 837 1120 requiri
854 1085 863 1111 ,
882 1038 924 1100 ut
938 1033 1080 1101 decreta
1093 1032 1131 1099 in
1146 1033 1190 1100 iis
1205 1032 1278 1099 lata
1292 1051 1357 1118 pro

214 1146 311 1208 certa
334 1146 370 1210 et
389 1138 627 1229 irrefragabili
641 1139 817 1207 Ecclesiae
838 1139 1024 1222 sententia,
1043 1145 1168 1228 utpote
1193 1139 1357 1208 ecclesia-

213 1271 293 1317 rum
311 1250 580 1318 consensionem
598 1249 800 1332 exhibente,
818 1249 1027 1317 habeantur.
1040 1249 1075 1316 Si
1092 1271 1136 1318 ex
1151 1247 1258 1316 unius
1273 1247 1359 1315 alte·

214 1359 357 1447 riusque
372 1359 527 1428 nationis
543 1357 718 1447 episcopis
734 1358 902 1426 consistat
914 1359 1122 1441 Concilium,
1133 1357 1230 1445 quod
1244 1359 1357 1426 Gene-

213 1469 295 1536 ralis
309 1489 441 1536 nomen
457 1467 527 1534 sibi
544 1466 703 1548 assumit;
716 1471 790 1549 aut,
803 1467 898 1554 quod
910 1467 1006 1538 idem
1023 1473 1088 1550 est,
1107 1467 1136 1534 si
1151 1466 1258 1534 unius
1271 1467 1356 1535 alte-

213 1577 358 1664 riusque
374 1575 528 1644 nationis
547 1573 704 1663 episcopi
727 1595 876 1642 numero
892 1581 1061 1665 superent
1077 1577 1226 1647 aliarum
1240 1576 1357 1644 natio-

212 1709 299 1755 num
312 1687 507 1775 episcopos,
523 1685 660 1754 adeout
672 1685 710 1752 in
718 1685 891 1773 ejusmodi
898 1707 1017 1754 rerum
1032 1685 1221 1773 adjunctis,
1235 1684 1355 1752 omnia

208 1797 311 1883 juxta
327 1798 538 1864 sententiam
552 1819 664 1878 suam,
675 1797 774 1864 nulla
785 1797 907 1864 habita
921 1797 1057 1865 ratione
1071 1817 1194 1865 eorum
1206 1795 1269 1883 qui
1284 1815 1357 1862 cae-

175 1981 178 1988 ,
212 1911 306 1972 teras
330 1906 491 1972 nationes
508 1909 786 1994 repraesentent,
807 1905 1029 1974 decernenda
1041 1927 1084 1975 ve
1096 1906 1176 1987 lint,
1195 1886 1356 1971 'obvium

214 2019 269 2078 est
290 2012 464 2097 ejusmodi
480 2013 620 2081 decreta
641 2013 908 2081 consensionem
924 2014 1154 2082 ecclesiarum
1169 2034 1242 2080 non
1258 2013 1358 2080 exhi-

214 2119 310 2199 bere;
322 2124 357 2185 et
373 2119 520 2206 proinde
532 2120 762 2189 fundamento
778 2122 835 2188 cui
849 2123 1017 2191 innititur
1030 2121 1289 2212 ipsahbclesiae
1304 2122 1358 2187 in-

210 2213 423 2310 ‘terribilitas
440 2247 567 2296 carere.
586 2230 642 2298 Sic
653 2229 691 2296 in
703 2231 857 2298 Concilio
874 2231 1045 2299 Vaticano
1052 2232 1173 2299 adesse
1188 2231 1360 2298 dicuntur

118 2335 120 2341 ’
211 2338 463 2426 Episcopiltali
479 2340 725 2408 adnumerum
739 2341 1048 2423 ursaumextota
1062 2341 1261 2422 Germania,
1279 2339 1357 2406 Gal·

212 2447 271 2529 lia,
281 2447 412 2536 Anglia
427 2452 463 2515 et
477 2449 632 2516 Statibus
648 2451 850 2518 Foederatis
867 2451 1049 2518 Americae
1064 2448 1357 2539 septentrionalis

213 2556 357 2623 nonnisi
371 2555 439 2626 234
453 2557 489 2624 in
507 2558 610 2626 initio
627 2561 775 2628 Concilii
791 2559 931 2628 affuisse
943 2562 1102 2628 relatum
1118 2560 1184 2642 sit;
1204 2579 1356 2646 quorum

213 2667 333 2752 plures
348 2668 461 2736 varias
486 2670 530 2736 ob
560 2683 682 2738 causas
693 2672 767 2757 jam
793 2671 1042 2740 discesserunt.
1057 2673 1245 2737 Praeterea
1263 2662 1359 2735 inter

213 2794 272 2842 eos
299 2775 360 2861 qui
382 2774 549 2866 suffragia
562 2777 600 2844 in
616 2778 771 2847 Concilio
786 2780 957 2848 Vaticano
977 2780 1108 2862 lerunt,
1127 2779 1247 2867 plures
1271 2781 1356 2844 sunt

212 2883 274 2970 qui
291 2884 329 2951 in
343 2887 501 2954 Romana
512 2887 616 2954 Curia
631 2889 754 2954 munia
769 2889 931 2978 implent,
947 2889 1139 2978 episcopali
1155 2891 1357 2957 charactere

212 2991 388 3082 insigniti;
415 2995 477 3082 qui
501 3001 621 3062 tamen
648 2997 784 3063 nullam
811 2998 995 3066 ecclesiam
1016 3003 1295 3088 repraesentant,
1314 2998 1358 3067 de

212 3123 365 3188 quorum
376 3105 457 3191 jure
474 3104 643 3194 suffragia
657 3106 695 3174 in
710 3105 1025 3176 Conciliisferendi
1036 3107 1195 3196 theologi
1211 3108 1306 3177 inter
1321 3127 1359 3174 se

214 3211 412 3299 disputant;
431 3213 553 3282 Plures
573 3213 689 3280 adhuc
710 3219 793 3280 sunt
811 3213 885 3302 qui,
904 3213 1127 3283 Vicariorum
1138 3215 1356 3304 Apostolico-

212 3340 292 3387 rum
308 3322 470 3403 nomine‚
490 3323 719 3391 missionibus
736 3324 865 3392 exteris
880 3326 1154 3414 praeficiuntur,
1172 3331 1208 3394 et
1230 3325 1274 3392 ad
1289 3346 1356 3391 nu-

210 3434 288 3495 tum
303 3429 487 3498 Pontificis
511 3431 667 3501 amoueri
682 3433 838 3520 possint;
854 3439 890 3502 et
913 3435 1029 3503 adhuc
1041 3435 1173 3523 plures,
1191 3433 1253 3521 qui
1277 3434 1356 3501 cha·

211 3543 347 3605 ractere
373 3540 563 3629 episcopali
589 3548 721 3624 carent,
740 3543 801 3610 sed
818 3545 947 3630 quibus
965 3545 1020 3610 ius
1035 3542 1203 3632 suffragia
1218 3544 1256 3610 in
1272 3543 1359 3611 Con-¹

213 3643 303 3709 ciliis
317 3646 453 3715 ferendi
478 3669 520 3718 ex
538 3652 794 3720 consuetudine
822 3653 1034 3741 acquisitum
1051 3660 1115 3735 est;
1135 3655 1256 3742 quales
1273 3659 1358 3727 sunt

212 3749 413 3821 Cardinales
439 3758 499 3844 qui
529 3781 602 3827 non
616 3760 701 3828 sint
729 3761 910 3850 episcopi,
930 3763 1109 3844 Abbates‚
1132 3767 1167 3830 et
1182 3761 1355 3830 Ordinum

211 3859 714 3956 Religiosorum'Superiores.
748 3871 791 3936 Hi
822 3891 969 3954 omneS,
1000 3871 1146 3938 inclusis
1173 3871 1355 3961 Episcopis

209 3966 318 4048 Italis,
330 3969 375 4034 ad
391 3991 578 4042 numerum
594 3977 670 4061 erl,
698 3980 864 4047 accedere
881 3981 1067 4056 dicuntur,
1086 3980 1147 4067 qui
1165 4001 1298 4062 omnes,
1317 4001 1355 4046 re

209 4070 299 4142 bene
328 4085 536 4166 perspecta,
568 4103 632 4171 pro
660 4086 756 4152 Italis
783 4086 906 4154 haberi
930 4087 1071 4156 debent.
1095 4091 1136 4156 In
1158 4088 1213 4156 his
1237 4109 1356 4156 rerum

208 4179 399 4268 adjunctis,
410 4185 594 4260 decretum
607 4191 652 4261 de
666 4192 854 4262 Pontificio
865 4194 1134 4275 Inlallibilitate‚
1145 4194 1250 4263 modo
1267 4193 1355 4264 fera·-
