3458 5232
722 443 899 518 -3q..

231 595 449 685 repellenda
465 595 618 684 ideoque
641 595 732 664 nihil
756 595 956 667 debetfieri
971 596 1068 684 quod
1091 615 1133 665 ea
1157 596 1195 664 in
1208 597 1380 686 suspicio-

235 727 320 776 nem
336 706 445 774 ducat
457 704 656 772 Catholicae
671 703 866 794 Religionis
879 703 1135 794 professionem
1152 726 1234 772 curn
1246 705 1380 794 prinoi-

235 815 304 903 piis
329 813 460 902 quibus
475 813 669 881 constituta
692 813 850 882 existunt
866 813 1050 882 conciliari
1066 834 1137 880 non
1150 833 1263 901 posse.
1282 816 1377 884 Haec

228 927 312 992 sunt
327 922 446 991 media
466 923 597 1010 quibus
620 921 812 989 auctoritas
824 922 999 990 Ecclesiae
1014 920 1166 989 stabiliri
1179 926 1216 990 et
1227 921 1372 990 extendi

233 1037 377 1122 posset;
403 1053 475 1100 non
514 1037 633 1100 autern
656 1032 863 1100 Pontificiae
891 1031 1159 1100 infallibilitatis
1183 1029 1372 1113 definitio,

236 1163 343 1229 quarn
355 1140 431 1208 risu
447 1141 624 1229 accipiant
639 1142 952 1224 hostesEcclesiae,
963 1146 999 1209 et
1013 1161 1104 1228 quae
1120 1141 1240 1228 plures
1254 1139 1377 1208 fideles

237 1249 346 1317 etiam
363 1249 561 1316 discrimini
575 1248 660 1317 fidei
672 1249 871 1317 Catholicae
888 1248 1108 1336 abJ'iciendae
1122 1251 1287 1335 exponet.

273 1351 381 1424 Aliud
394 1362 448 1426 est
464 1357 560 1444 quod
572 1358 685 1444 pudet
699 1357 840 1425 reterre.
856 1358 987 1426 Dicunt
1001 1355 1226 1423 Pontificiam
1242 1354 1375 1422 Infalli-

229 1464 405 1532 bilitatem
432 1464 520 1530 adeo
548 1464 677 1531 acriter
693 1466 736 1531 ab
758 1464 967 1533 adversariis
1004 1461 1222 1542 definitionis
1244 1483 1376 1551 propo-

229 1574 316 1641 sitae
326 1574 574 1663 impugnatam
589 1573 708 1656 suisse,
726 1578 767 1642 ut
781 1594 857 1641 eam
869 1594 937 1662 'pro
950 1572 1036 1641 fidei
1058 1571 1209 1640 veritate
1232 1593 1305 1641 non
1319 1573 1377 1640 de·
1413 1642 1415 1647 ,

229 1684 361 1750 clarere
378 1683 475 1750 idem
485 1687 578 1751 esset
591 1704 631 1749 ac
647 1703 838 1772 agnoscere
852 1703 930 1750 eam
944 1681 1177 1749 fundamento
1194 1702 1325 1763 carere,
1335 1703 1376 1750 ac
1494 1723 1496 1727 v

129 1829 131 1834 ·
228 1793 456 1862 inimicorum
469 1791 661 1858 insultibus
678 1791 716 1856 in
733 1791 809 1860 dies
826 1790 1256 1884 crescentibusinermem
1272 1811 1312 1857 ac
1329 1791 1380 1858 in-

230 1904 344 1970 ultam
365 1901 515 1969 tradere.
544 1901 715 1968 Oblivisci
738 1901 867 1968 volunt
891 1901 959 1968 sibi
983 1900 1069 1988 ipsis
1095 1900 1376 1989 imputandum,

231 2009 328 2094 quod
339 2009 433 2076 tristi
449 2009 531 2076 huic
546 2010 809 2077 controversiae
825 2010 944 2077 locum
960 2009 1135 2090 dederint,
1154 2008 1288 2075 mundo
1306 2013 1376 2076 stu-

234 2116 333 2204 penti
346 2117 587 2192 annuntiando
603 2118 804 2186 inOoncilio
812 2119 984 2188 Vaticano
998 2119 1068 2184 duo
1080 2139 1175 2184 nova
1191 2117 1372 2208 dogmata,

236 2225 499 2293 Infallibilitatis
513 2248 642 2316 nempe
657 2227 865 2296 Pontificiae
882 2232 918 2295 et
933 2226 1194 2316 Assumptionis
1215 2229 1253 2294 B.
1268 2230 1311 2295 V.
1328 2230 1375 2294 M.

235 2333 402 2401 fidelibus
415 2336 703 2425 propositumiri;
712 2337 853 2426 scriptis
864 2359 932 2425 que
941 2338 984 2404 de
997 2317 1186 2405 Pontificio
1199 2339 1378 2424 Potestate

231 2437 270 2506 in
282 2440 412 2530 Anglia
428 2446 464 2510 et
479 2444 635 2510 Statibus
650 2444 782 2520 Unitis,
802 2445 927 2512 eodem
943 2444 1044 2534 quasi
1057 2443 1198 2518 afflante
1222 2443 1351 2532 spiritu
1368 2497 1376 2528 ,
1432 2448 1439 2463 “

230 2548 268 2614 in
285 2549 403 2617 lucem
423 2551 608 2639 publicam
633 2553 763 2636 editis,
790 2554 919 2642 quibas
943 2559 1078 2626 mentes
1102 2557 1315 2642 pararentur
1337 2573 1379 2620 ea

232 2658 331 2745 quasi
340 2659 513 2729 divinitus
522 2662 678 2730 revelata
685 2663 968 2752 reciperacene
981 2647 1129 2732 meliora
1142 2668 1226 2730 sunt
1237 2661 1379 2752 flagella

231 2768 336 2837 amici
349 2789 457 2856 quam
474 2771 594 2838 oscula
610 2773 761 2857 inimici,
784 2775 946 2863 quamvis
961 2774 1029 2842 sibi
1046 2775 1098 2842 nil
1112 2774 1182 2842 tale
1197 2771 1378 2861 suspican-

231 2877 287 2944 tis.
306 2877 374 2955 Qui
389 2877 622 2948 amicissimos
638 2881 736 2950 Sedis
744 2887 922 2952 Romanae
938 2905 1013 2954 sese
1026 2883 1375 2964 anteaostenderunt,

172 3017 176 3026 1
228 3005 326 3053 nunc
341 2985 480 3053 inimici
495 2987 580 3056 facti
591 2995 685 3073 sunt,
695 2992 854 3063 dicentes
869 2990 1226 3063 veritatemilxoitati
1238 2991 1303 3058 hac
1317 3011 1376 3058 au-

230 3092 343 3175 dacia,
361 3115 469 3181 quam
485 3096 592 3164 etiarn
610 3098 769 3192 insignes
781 3106 972 3191 praesules,
987 3105 1025 3171 in
1037 3101 1167 3171 litteris
1180 3101 1225 3168 ad
1241 3100 1376 3168 clerum

229 3202 473 3290 populumque
488 3205 644 3291 directis,
667 3211 801 3278 nedum
815 3208 1155 3300 repressissent,·su0
1176 3208 1375 3300 patrocinio

229 3309 377 3398 dignam
389 3312 921 3397 invenerunt;—cumviderent
929 3319 1139 3412 gravissima
1150 3315 1377 3386 incommoda

173 3461 175 3464 -
228 3441 319 3506 quae
334 3421 463 3488 exinde
476 3430 641 3492 secutura
652 3448 716 3515 pro
732 3431 826 3497 certo
843 3431 1034 3512 habebant,
1060 3449 1186 3499 vocem
1198 3427 1376 3496 sustulere

227 3527 296 3594 viri
312 3533 455 3597 aeterna
471 3534 642 3634 memoria
656 3536 758 3626 digni
771 3544 807 3606 et
819 3539 961 3608 laudem
979 3541 1191 3629 apudDeum
1202 3535 1374 3618 habituri,

232 3655 301 3720 qua
314 3645 547 3708 monerentur
562 3642 701 3727 fideles,
720 3645 811 3714 nihil
828 3649 1076 3718 innovandum
1099 3649 1137 3716 in
1152 3649 1257 3717 rebus
1274 3645 1381 3726 fidei;·

231 3744 523 3837 Pontificiamque
546 3752 857 3840 infallibilitatem,
876 3779 957 3826 cum
980 3761 1024 3826 ab
1043 3781 1083 3829 ea
1102 3779 1195 3848 quae
1218 3755 1375 3826 Ecclesia

228 3857 283 3920 est
296 3856 514 3946 sejungatur,
531 3883 649 3932 carere
662 3867 867 3964 testimonio
876 3871 1078 3958 Scripturas
1094 3873 1129 3938 et
1141 3865 1369 3949 'traditionis

226 3967 262 4030 et
278 3964 493 4036 omnimodis
514 3969 784 4042 difficultatibus
797 3979 988 4046 obnoxiam
1004 3999 1091 4062 esse;
1111 3965 1389 4066 conquisitione

225 4093 297 4143 non
310 4076 565 4148 acclamatione
588 4081 627 4149 in
640 4082 805 4152 Conciliis
822 4086 880 4176 agi
895 4093 1069 4176 oportere.
1088 4088 1135 4157 Iis
1151 4087 1299 4176 quidem
1322 4085 1376 4156 sic,

224 4184 413 4270 veritatem
432 4190 664 4279 loquentibus
683 4193 772 4266 vitio
795 4197 968 4284 vertitur,
986 4200 1082 4291 quod
1098 4200 1251 4292 populos
1272 4217 1371 4269 corn-
1503 4249 1505 4253 -
