3458 5232
836 440 1013 513 ...4οω

353 591 554 667 moverent
573 586 682 674 idque
705 589 749 654 ab
769 587 813 656 iis
832 588 896 675 qui
919 587 1024 657 aliter
1042 587 1226 656 silentium
1246 604 1310 678 pro
1333 609 1506 660 consensu
1551 593 1553 598 ’

354 697 587 780 habuissent,
606 702 642 765 et
657 697 707 764 sic
724 697 873 765 consilia
888 697 934 766 ad
949 697 1115 768 effectum
1130 698 1341 787 perducere,
1366 701 1510 770 nemine

353 806 586 888 reclamante,
612 807 824 894 potuissent.
844 807 940 876 Viris
963 808 1072 876 etiam
1095 807 1199 875 bonis
1217 807 1430 896 persuadere
1455 829 1496 877 oo

353 911 430 980 nati
446 918 540 996 sunt,
550 914 800 983 necessitatem
819 915 941 984 adesse
953 915 1090 1002 aliquid
1103 915 1269 998 faciendi,
1280 906 1376 1003 qdod
1389 917 1511 992 hono„

353 1042 430 1090 rem
444 1023 592 1090 Sanctae
607 1022 705 1090 Sedis
722 1023 1074 1104 incolumemservet;
1096 1024 1200 1091 obliti
1213 1025 1389 1112 nonquod
1407 1047 1511 1114 expe-

353 1127 429 1196 diat
443 1129 506 1197 sed
519 1131 617 1217 quod
632 1151 759 1199 verum
774 1131 833 1214 sit,
844 1132 1023 1220 praesules
1041 1133 1085 1198 ob
1100 1131 1242 1198 occulos
1258 1132 1388 1200 habere
1408 1153 1510 1222 opor-

354 1242 452 1319 tere;
471 1237 579 1325 idque
604 1239 701 1326 quod
715 1238 808 1327 ipsis·
827 1238 995 1327 apostolis
1013 1259 1085 1305 non
1103 1239 1355 1326 competebat,
1385 1260 1510 1308 eorum
1539 1238 1540 1241 ’

354 1345 616 1414 successoribus
633 1367 705 1413 non
724 1347 948 1434 competere,
966 1345 1103 1434 aliquid
1115 1333 1304 1416 adversum
1321 1347 1509 1417 veritatem

358 1454 421 1524 sed
445 1475 510 1543 pro
526 1455 803 1544 veritateposse.
1017 1437 1018 1444 ἵ
1064 1527 1066 1532 ,
1323 1445 1324 1450 ’
1553 1445 1568 1458 ”

403 1563 539 1647 Liceat,
567 1565 745 1633 coronidis
769 1566 814 1633 ad
838 1565 966 1648 instar,
993 1571 1150 1634 mentem
1173 1566 1372 1654 exprimere
1396 1569 1440 1637 de
1465 1571 1509 1638 iis
1576 1544 1586 1565 ¹

357 1681 459 1760 quae,
480 1673 509 1739 si
526 1673 596 1740 alia
620 1674 769 1742 consilia
787 1675 1016 1764 placuissent,
1032 1697 1053 1740 a
1067 1674 1223 1742 Concilio
1240 1675 1414 1743 Vaticano
1427 1699 1508 1766 spe-

356 1784 538 1851 rabantur.
561 1769 787 1852 convocatio*
801 1785 949 1852 Concilii
972 1784 1170 1865 Generalis,
1196 1789 1276 1872 post
1297 1784 1378 1871 plus
1401 1805 1508 1872 quam

355 1897 537 1962 trecentos
559 1913 682 1975 annos,
703 1899 739 1962 et
754 1894 909 1964 Litterae
926 1893 1130 1982 Apostolica
1146 1893 1234 1962 Sede
1256 1911 1339 1962 vere
1363 1893 1505 1982 dignae,

357 2002 403 2071 ad
427 2002 618 2072 orientales
641 2004 807 2072 ecclesias
823 2009 868 2072 et
885 2003 1103 2071 dissidentes
1134 2003 1174 2070 ,in
1199 2003 1384 2071 occidente
1415 2003 1508 2072 dire·

359 2115 448 2192 ctae,
466 2109 631 2198 pluribus
655 2112 829 2200 spondere
850 2112 1073 2184 ¹ridebuntur
1096 2111 1228 2178 instare
1243 2114 1384 2198 tempus
1401 2132 1508 2198 quan-

356 2221 402 2288 do
431 2225 600 2318 errantesv
614 2220 659 2288 ad
682 2222 860 2312 gremium
882 2223 1004 2291 Matris
1027 2220 1196 2288 redirent.
1224 2219 1421 2287 Plorandus
1435 2227 1505 2287 sta-

359 2335 418 2400 tus
442 2330 680 2400 Ecclesiarum
702 2332 948 2416 Orientalium,
965 2338 1001 2401 et
1015 2331 1108 2398 mira
1130 2331 1192 2398 illa
1215 2330 1411 2398 animorum
1426 2349 1502 2394 con-

343 2438 473 2507 'versio
497 2459 587 2526 quae
611 2439 731 2526 plures
757 2438 850 2507 inter
872 2435 1109 2528 protestantes
1124 2438 1339 2526 impellebat,
1355 2441 1395 2502 ut
1408 2434 1500 2523 prin-

361 2549 456 2638 cipia
478 2547 658 2617 catholica
681 2548 904 2637 susciperent
917 2554 953 2618 et
966 2549 1133 2618 instituta
1156 2546 1216 2636 pia
1239 2545 1409 2614 Ecclesiae
1426 2544 1502 2612 imi-

358 2657 427 2727 tari
449 2656 595 2738 vellent,
622 2656 661 2724 id
684 2662 898 2726 eventurum
921 2657 1024 2726 facile
1047 2655 1308 2747 persuadebant
1330 2651 1420 2722 viris
1441 2653 1504 2718 bo·

358 2787 425 2836 nae
449 2766 657 2836 voluntatis.
684 2768 805 2835 Omnis
829 2774 949 2838 autem
972 2768 1041 2836 ista
1064 2789 1142 2856 spes
1167 2765 1337 2846 evanuit,
1371 2764 1506 2852 patefam

362 2882 419 2946 cta
442 2877 643 2945 intentione
666 2877 822 2946 Concilio
847 2878 892 2945 ad
915 2878 1014 2946 aliud
1037 2877 1185 2959 utendi,
1218 2876 1314 2963 quod
1337 2875 1505 2942 unionem

359 2986 492 3055 nedum
514 2990 752 3074 promoveret,
779 3006 857 3054 eam
882 2985 983 3074 quasi
1006 2984 1264 3074 impossibilem
1279 2982 1427 3050 reddere
1450 2981 1504 3049 vi-

358 3096 530 3173 debatur;
558 3113 640 3160 cum
671 3092 799 3160 exinde
823 3091 1049 3161 difficultates
1074 3111 1186 3160 novae
1212 3089 1391 3159 veteribus
1415 3087 1505 3176 adji-

359 3201 536 3276 cerentur.
555 3205 635 3271 Non
652 3207 747 3271 certe
761 3219 936 3272 novarum
952 3201 1195 3270 doctrinarum
1209 3198 1405 3288 propositio
1422 3199 1506 3266 Con-

361 3313 506 3395 ciliaris,
533 3311 595 3380 sed
618 3313 825 3380 authentica
848 3311 1007 3400 ejusdem
1031 3307 1221 3398 explicatio
1245 3320 1389 3388 earum,
1416 3328 1506 3394 quae

356 3427 431 3514 jam
454 3421 631 3490 stabilitae
656 3420 739 3504 sint,
754 3428 791 3490 et
813 3443 903 3510 quae
927 3419 1177 3487 dissidentium
1200 3422 1337 3486 mentes
1360 3436 1381 3481 a
1403 3415 1530 3482 nobis-

361 3533 532 3601 alienatas
554 3531 698 3614 faciant,
717 3537 842 3620 aptum
863 3529 1022 3600 medium
1046 3528 1192 3597 videtur
1214 3527 1259 3594 ad
1274 3527 1409 3592 bonum
1429 3524 1507 3591 uni-

343 3641 444 3711 tatis
468 3641 780 3729 consequendum:
813 3640 853 3707 id
875 3638 971 3727 quod
995 3637 1073 3705 fieri
1096 3657 1221 3727 posse,
1247 3635 1344 3703 salva
1367 3653 1507 3722 semper

358 3751 519 3832 veritate,
546 3751 666 3838 plures
688 3749 783 3824 inter
805 3741 874 3816 nos
893 3753 929 3816 et
951 3745 1046 3815 inter
1068 3747 1304 3833 protestantes
1328 3748 1364 3810 et
1387 3745 1506 3831 cupie-

361 3866 446 3930 runt
470 3866 507 3928 et
529 3858 769 3930 crediderunt.
800 3855 836 3925 Si
860 3876 904 3924 ex
933 3855 977 3922 iis
1006 3873 1096 3941 quae
1128 3851 1223 3919 intra
1250 3853 1363 3941 ipsam
1394 3854 1507 3919 Eccle-

360 3972 463 4050 siam,
480 3969 627 4037 suborta
649 3965 857 4054 quaestione
874 3964 918 4032 de
932 3961 1121 4030 Pontificia
1135 3959 1404 4041 Infallibilitate‚
1424 3980 1490 4026 con

358 4082 546 4173 tigerunt,
572 4080 814 4167 conjecturam
837 4094 976 4146 sumere
1004 4073 1090 4140 licet
1119 4091 1274 4158 quonam
1299 4091 1341 4139 ea
1364 4090 1384 4134 a
1407 4067 1506 4134 dissi-

360 4191 528 4260 dentibus
542 4186 754 4278 excipiatur‚
769 4183 913 4256 difficile
928 4182 998 4252 erit
1012 4179 1198 4251 aestimare
1219 4181 1391 4248 damnum
1408 4175 1504 4264 quod
