<?xml version="1.0" encoding="UTF-8"?>
<!DOCTYPE html PUBLIC "-//W3C//DTD XHTML 1.0 Transitional//EN"
    "http://www.w3.org/TR/xhtml1/DTD/xhtml1-transitional.dtd">
<html xmlns="http://www.w3.org/1999/xhtml" xml:lang="en" lang="en">
 <head>
  <title>
</title>
<meta http-equiv="Content-Type" content="text/html;charset=utf-8" />
  <meta name='ocr-system' content='tesseract 3.04.00' />
  <meta name='ocr-capabilities' content='ocr_page ocr_carea ocr_par ocr_line ocrx_word'/>
</head>
<body>
  <div class='ocr_page' id='page_1' title='image "./depontificiainf00kenrgoog_0016.png"; bbox 0 0 3458 5232; ppageno 0'>
   <div class='ocr_carea' id='block_1_1' title="bbox 715 489 871 560">
    <p class='ocr_par' dir='ltr' id='par_1_1' title="bbox 715 489 871 560">
     <span class='ocr_line' id='line_1_1' title="bbox 715 489 871 560; baseline 0 -17"><span class='ocrx_word' id='word_1_1' title='bbox 715 489 871 560; x_wconf 69' lang='grc'>..9-</span> 
     </span>
    </p>
   </div>
   <div class='ocr_carea' id='block_1_2' title="bbox 223 633 1430 4331">
    <p class='ocr_par' dir='ltr' id='par_1_2' title="bbox 223 633 1389 2258">
     <span class='ocr_line' id='line_1_2' title="bbox 223 633 1386 730; baseline 0.002 -24"><span class='ocrx_word' id='word_1_2' title='bbox 223 638 445 729; x_wconf 85' lang='lat' dir='ltr'>provisurus.</span> <span class='ocrx_word' id='word_1_3' title='bbox 463 633 563 719; x_wconf 85' lang='lat' dir='ltr'>Quod</span> <span class='ocrx_word' id='word_1_4' title='bbox 580 639 745 708; x_wconf 89' lang='lat' dir='ltr'>nonnulli</span> <span class='ocrx_word' id='word_1_5' title='bbox 758 639 986 722; x_wconf 79' lang='lat' dir='ltr'>recentiores,</span> <span class='ocrx_word' id='word_1_6' title='bbox 1006 659 1100 728; x_wconf 85' lang='lat' dir='ltr'>«per</span> <span class='ocrx_word' id='word_1_7' title='bbox 1118 660 1256 730; x_wconf 77' lang='lat' dir='ltr'>agnos»</span> <span class='ocrx_word' id='word_1_8' title='bbox 1275 661 1386 730; x_wconf 89' lang='lat' dir='ltr'>popu·</span> 
     </span>
     <span class='ocr_line' id='line_1_3' title="bbox 223 748 1386 839; baseline 0.001 -24"><span class='ocrx_word' id='word_1_9' title='bbox 223 750 301 816; x_wconf 88' lang='lat' dir='ltr'>lum</span> <span class='ocrx_word' id='word_1_10' title='bbox 315 748 470 832; x_wconf 90' lang='lat' dir='ltr'>fidelem,</span> <span class='ocrx_word' id='word_1_11' title='bbox 488 771 554 839; x_wconf 92' lang='lat' dir='ltr'>per</span> <span class='ocrx_word' id='word_1_12' title='bbox 569 772 586 817; x_wconf 88' lang='lat'>«</span> <span class='ocrx_word' id='word_1_13' title='bbox 596 772 710 820; x_wconf 79' lang='lat' dir='ltr'>oves»</span> <span class='ocrx_word' id='word_1_14' title='bbox 728 756 866 834; x_wconf 82' lang='lat' dir='ltr'>autem,</span> <span class='ocrx_word' id='word_1_15' title='bbox 878 755 1050 839; x_wconf 87' lang='lat' dir='ltr'>pastores,</span> <span class='ocrx_word' id='word_1_16' title='bbox 1075 749 1261 838; x_wconf 89' lang='lat' dir='ltr'>episcopos</span> <span class='ocrx_word' id='word_1_17' title='bbox 1286 769 1386 816; x_wconf 90' lang='lat' dir='ltr'>nem-</span> 
     </span>
     <span class='ocr_line' id='line_1_4' title="bbox 225 857 1388 951; baseline 0 -25"><span class='ocrx_word' id='word_1_18' title='bbox 225 877 281 945; x_wconf 89' lang='lat' dir='ltr'>pe,</span> <span class='ocrx_word' id='word_1_19' title='bbox 299 857 552 940; x_wconf 81' lang='lat' dir='ltr'>intellexerint3</span> <span class='ocrx_word' id='word_1_20' title='bbox 564 865 600 928; x_wconf 90' lang='lat' dir='ltr'>et</span> <span class='ocrx_word' id='word_1_21' title='bbox 612 860 697 930; x_wconf 89' lang='lat' dir='ltr'>inde</span> <span class='ocrx_word' id='word_1_22' title='bbox 711 861 789 930; x_wconf 93' lang='lat' dir='ltr'>erui</span> <span class='ocrx_word' id='word_1_23' title='bbox 803 875 906 951; x_wconf 87' lang='lat' dir='ltr'>posse</span> <span class='ocrx_word' id='word_1_24' title='bbox 919 865 1176 950; x_wconf 80' lang='lat' dir='ltr'>argumentum</span> <span class='ocrx_word' id='word_1_25' title='bbox 1191 858 1388 926; x_wconf 89' lang='lat' dir='ltr'>contende-</span> 
     </span>
     <span class='ocr_line' id='line_1_5' title="bbox 225 965 1386 1056; baseline 0.003 -25"><span class='ocrx_word' id='word_1_26' title='bbox 225 965 310 1048; x_wconf 83' lang='lat' dir='ltr'>rint,</span> <span class='ocrx_word' id='word_1_27' title='bbox 331 966 515 1055; x_wconf 85' lang='lat' dir='ltr'>episcopos</span> <span class='ocrx_word' id='word_1_28' title='bbox 532 987 643 1054; x_wconf 88' lang='lat' dir='ltr'>aeque</span> <span class='ocrx_word' id='word_1_29' title='bbox 670 988 710 1035; x_wconf 89' lang='lat' dir='ltr'>ao</span> <span class='ocrx_word' id='word_1_30' title='bbox 723 969 898 1056; x_wconf 91' lang='lat' dir='ltr'>populum</span> <span class='ocrx_word' id='word_1_31' title='bbox 914 967 1074 1050; x_wconf 90' lang='lat' dir='ltr'>fidelem,</span> <span class='ocrx_word' id='word_1_32' title='bbox 1093 967 1221 1036; x_wconf 91' lang='lat' dir='ltr'>eodem</span> <span class='ocrx_word' id='word_1_33' title='bbox 1240 986 1386 1055; x_wconf 86' lang='lat' dir='ltr'>prorsus</span> 
     </span>
     <span class='ocr_line' id='line_1_6' title="bbox 224 1074 1387 1163; baseline -0.001 -22"><span class='ocrx_word' id='word_1_34' title='bbox 224 1095 341 1158; x_wconf 91' lang='lat' dir='ltr'>sensu,</span> <span class='ocrx_word' id='word_1_35' title='bbox 352 1077 462 1157; x_wconf 89' lang='lat' dir='ltr'>Petri,</span> <span class='ocrx_word' id='word_1_36' title='bbox 472 1077 619 1163; x_wconf 87' lang='lat' dir='ltr'>ejusque</span> <span class='ocrx_word' id='word_1_37' title='bbox 631 1076 930 1144; x_wconf 87' lang='lat' dir='ltr'>inRomanaSede</span> <span class='ocrx_word' id='word_1_38' title='bbox 944 1097 1203 1158; x_wconf 88' lang='lat' dir='ltr'>successorum,</span> <span class='ocrx_word' id='word_1_39' title='bbox 1214 1074 1387 1163; x_wconf 87' lang='lat' dir='ltr'>pastorali</span> 
     </span>
     <span class='ocr_line' id='line_1_7' title="bbox 225 1182 1388 1266; baseline -0.005 -12"><span class='ocrx_word' id='word_1_40' title='bbox 225 1205 331 1254; x_wconf 91' lang='lat' dir='ltr'>curae</span> <span class='ocrx_word' id='word_1_41' title='bbox 348 1183 571 1252; x_wconf 88' lang='lat' dir='ltr'>concreditos</span> <span class='ocrx_word' id='word_1_42' title='bbox 586 1184 707 1266; x_wconf 85' lang='lat' dir='ltr'>fuisse,</span> <span class='ocrx_word' id='word_1_43' title='bbox 733 1189 830 1252; x_wconf 90' lang='lat' dir='ltr'>caret</span> <span class='ocrx_word' id='word_1_44' title='bbox 850 1183 1085 1252; x_wconf 84' lang='lat' dir='ltr'>fundamento</span> <span class='ocrx_word' id='word_1_45' title='bbox 1102 1206 1110 1264; x_wconf 89' lang='lat'>;</span> <span class='ocrx_word' id='word_1_46' title='bbox 1129 1205 1212 1251; x_wconf 91' lang='lat' dir='ltr'>cum</span> <span class='ocrx_word' id='word_1_47' title='bbox 1228 1182 1268 1250; x_wconf 91' lang='lat' dir='ltr'>in</span> <span class='ocrx_word' id='word_1_48' title='bbox 1283 1187 1388 1252; x_wconf 86' lang='lat' dir='ltr'>textu</span> 
     </span>
     <span class='ocr_line' id='line_1_8' title="bbox 226 1294 1388 1384; baseline -0.004 -22"><span class='ocrx_word' id='word_1_49' title='bbox 226 1296 358 1362; x_wconf 89' lang='lat' dir='ltr'>Graeco</span> <span class='ocrx_word' id='word_1_50' title='bbox 375 1299 525 1382; x_wconf 89' lang='lat' dir='ltr'>utraque</span> <span class='ocrx_word' id='word_1_51' title='bbox 541 1317 613 1363; x_wconf 87' lang='lat' dir='ltr'>vox</span> <span class='ocrx_word' id='word_1_52' title='bbox 630 1316 796 1384; x_wconf 88' lang='lat' dir='ltr'>«agnos»</span> <span class='ocrx_word' id='word_1_53' title='bbox 811 1300 847 1362; x_wconf 90' lang='lat' dir='ltr'>et</span> <span class='ocrx_word' id='word_1_54' title='bbox 863 1316 1003 1364; x_wconf 88' lang='lat' dir='ltr'>«oves»</span> <span class='ocrx_word' id='word_1_55' title='bbox 1026 1294 1152 1363; x_wconf 91' lang='lat' dir='ltr'>eodem</span> <span class='ocrx_word' id='word_1_56' title='bbox 1167 1312 1313 1381; x_wconf 91' lang='lat' dir='ltr'>prorsus</span> <span class='ocrx_word' id='word_1_57' title='bbox 1329 1311 1388 1358; x_wconf 92' lang='lat' dir='ltr'>vo-</span> 
     </span>
     <span class='ocr_line' id='line_1_9' title="bbox 227 1401 1388 1493; baseline -0.003 -24"><span class='ocrx_word' id='word_1_58' title='bbox 227 1402 354 1470; x_wconf 87' lang='lat' dir='ltr'>cabulo</span> <span class='ocrx_word' id='word_1_59' title='bbox 365 1409 507 1492; x_wconf 72' lang='grc' dir='ltr'><strong><em>προβατα</em></strong></span> <span class='ocrx_word' id='word_1_60' title='bbox 528 1404 761 1493; x_wconf 82' lang='lat' dir='ltr'>exprimatur.</span> <span class='ocrx_word' id='word_1_61' title='bbox 782 1407 1021 1482; x_wconf 83' lang='lat' dir='ltr'>-Quaenam</span> <span class='ocrx_word' id='word_1_62' title='bbox 1038 1409 1160 1471; x_wconf 89' lang='lat' dir='ltr'>autem</span> <span class='ocrx_word' id='word_1_63' title='bbox 1177 1401 1250 1468; x_wconf 87' lang='lat' dir='ltr'>sint</span> <span class='ocrx_word' id='word_1_64' title='bbox 1267 1404 1388 1488; x_wconf 90' lang='lat' dir='ltr'>partes</span> 
     </span>
     <span class='ocr_line' id='line_1_10' title="bbox 226 1511 1386 1601; baseline -0.003 -23"><span class='ocrx_word' id='word_1_65' title='bbox 226 1511 323 1579; x_wconf 90' lang='lat' dir='ltr'>Petri</span> <span class='ocrx_word' id='word_1_66' title='bbox 341 1517 634 1599; x_wconf 90' lang='lat' dir='ltr'>caeterorumque</span> <span class='ocrx_word' id='word_1_67' title='bbox 658 1514 902 1601; x_wconf 91' lang='lat' dir='ltr'>apostolorum</span> <span class='ocrx_word' id='word_1_68' title='bbox 915 1511 955 1579; x_wconf 89' lang='lat' dir='ltr'>in</span> <span class='ocrx_word' id='word_1_69' title='bbox 967 1511 1098 1579; x_wconf 85' lang='lat' dir='ltr'>Christi</span> <span class='ocrx_word' id='word_1_70' title='bbox 1116 1529 1227 1599; x_wconf 85' lang='lat' dir='ltr'>grege</span> <span class='ocrx_word' id='word_1_71' title='bbox 1241 1527 1386 1596; x_wconf 90' lang='lat' dir='ltr'>pascen-</span> 
     </span>
     <span class='ocr_line' id='line_1_11' title="bbox 227 1615 1388 1711; baseline -0.003 -26"><span class='ocrx_word' id='word_1_72' title='bbox 227 1618 284 1702; x_wconf 93' lang='lat' dir='ltr'>do,</span> <span class='ocrx_word' id='word_1_73' title='bbox 304 1641 377 1688; x_wconf 91' lang='lat' dir='ltr'>non</span> <span class='ocrx_word' id='word_1_74' title='bbox 393 1641 437 1689; x_wconf 80' lang='lat' dir='ltr'>ex</span> <span class='ocrx_word' id='word_1_75' title='bbox 452 1621 658 1708; x_wconf 88' lang='lat' dir='ltr'>hujusmodi</span> <span class='ocrx_word' id='word_1_76' title='bbox 678 1621 846 1711; x_wconf 91' lang='lat' dir='ltr'>argutiis,</span> <span class='ocrx_word' id='word_1_77' title='bbox 866 1621 928 1688; x_wconf 90' lang='lat' dir='ltr'>sed</span> <span class='ocrx_word' id='word_1_78' title='bbox 953 1641 997 1688; x_wconf 87' lang='lat' dir='ltr'>ex</span> <span class='ocrx_word' id='word_1_79' title='bbox 1012 1618 1133 1689; x_wconf 89' lang='lat' dir='ltr'>verbis</span> <span class='ocrx_word' id='word_1_80' title='bbox 1151 1616 1294 1684; x_wconf 89' lang='lat' dir='ltr'>Domini</span> <span class='ocrx_word' id='word_1_81' title='bbox 1318 1615 1388 1682; x_wconf 87' lang='lat' dir='ltr'>ela-</span> 
     </span>
     <span class='ocr_line' id='line_1_12' title="bbox 226 1724 1385 1821; baseline -0.004 -26"><span class='ocrx_word' id='word_1_82' title='bbox 226 1729 286 1812; x_wconf 89' lang='lat' dir='ltr'>ris,</span> <span class='ocrx_word' id='word_1_83' title='bbox 301 1729 396 1797; x_wconf 89' lang='lat' dir='ltr'>inter</span> <span class='ocrx_word' id='word_1_84' title='bbox 406 1751 442 1798; x_wconf 90' lang='lat' dir='ltr'>se</span> <span class='ocrx_word' id='word_1_85' title='bbox 459 1731 609 1814; x_wconf 88' lang='lat' dir='ltr'>collatis,</span> <span class='ocrx_word' id='word_1_86' title='bbox 627 1732 796 1821; x_wconf 80' lang='lat' dir='ltr'>colligere</span> <span class='ocrx_word' id='word_1_87' title='bbox 811 1731 995 1799; x_wconf 88' lang='lat' dir='ltr'>debemus.</span> <span class='ocrx_word' id='word_1_88' title='bbox 1014 1729 1104 1796; x_wconf 83' lang='lat' dir='ltr'>Huic</span> <span class='ocrx_word' id='word_1_89' title='bbox 1120 1724 1385 1814; x_wconf 89' lang='lat' dir='ltr'>interpretandi</span> 
     </span>
     <span class='ocr_line' id='line_1_13' title="bbox 226 1835 1388 1930; baseline -0.004 -24"><span class='ocrx_word' id='word_1_90' title='bbox 226 1840 355 1908; x_wconf 88' lang='lat' dir='ltr'>Christi</span> <span class='ocrx_word' id='word_1_91' title='bbox 367 1841 477 1910; x_wconf 86' lang='lat' dir='ltr'>verba</span> <span class='ocrx_word' id='word_1_92' title='bbox 488 1839 620 1907; x_wconf 89' lang='lat' dir='ltr'>rationi</span> <span class='ocrx_word' id='word_1_93' title='bbox 630 1841 860 1930; x_wconf 88' lang='lat' dir='ltr'>adjungenda</span> <span class='ocrx_word' id='word_1_94' title='bbox 874 1846 929 1908; x_wconf 88' lang='lat' dir='ltr'>est</span> <span class='ocrx_word' id='word_1_95' title='bbox 942 1862 984 1909; x_wconf 90' lang='lat' dir='ltr'>ea</span> <span class='ocrx_word' id='word_1_96' title='bbox 996 1860 1104 1927; x_wconf 92' lang='lat' dir='ltr'>quam</span> <span class='ocrx_word' id='word_1_97' title='bbox 1112 1835 1290 1906; x_wconf 86' lang='lat' dir='ltr'>Ecclesiae</span> <span class='ocrx_word' id='word_1_98' title='bbox 1309 1855 1388 1902; x_wconf 92' lang='lat' dir='ltr'>mo·</span> 
     </span>
     <span class='ocr_line' id='line_1_14' title="bbox 227 1941 1389 2038; baseline -0.006 -22"><span class='ocrx_word' id='word_1_99' title='bbox 227 1956 401 2018; x_wconf 89' lang='lat' dir='ltr'>numenta</span> <span class='ocrx_word' id='word_1_100' title='bbox 412 1955 618 2038; x_wconf 91' lang='lat' dir='ltr'>temporum</span> <span class='ocrx_word' id='word_1_101' title='bbox 637 1970 728 2036; x_wconf 90' lang='lat' dir='ltr'>quae</span> <span class='ocrx_word' id='word_1_102' title='bbox 746 1951 820 2038; x_wconf 90' lang='lat' dir='ltr'>ejus</span> <span class='ocrx_word' id='word_1_103' title='bbox 841 1956 959 2018; x_wconf 88' lang='lat' dir='ltr'>ortum</span> <span class='ocrx_word' id='word_1_104' title='bbox 972 1949 1164 2016; x_wconf 87' lang='lat' dir='ltr'>subsecuta</span> <span class='ocrx_word' id='word_1_105' title='bbox 1176 1949 1272 2026; x_wconf 86' lang='lat' dir='ltr'>sunt,</span> <span class='ocrx_word' id='word_1_106' title='bbox 1291 1941 1389 2012; x_wconf 84' lang='lat' dir='ltr'>exhi·</span> 
     </span>
     <span class='ocr_line' id='line_1_15' title="bbox 227 2053 1388 2146; baseline -0.005 -22"><span class='ocrx_word' id='word_1_107' title='bbox 227 2059 371 2141; x_wconf 85' lang='lat' dir='ltr'>bent,et</span> <span class='ocrx_word' id='word_1_108' title='bbox 385 2080 476 2146; x_wconf 89' lang='lat' dir='ltr'>quae</span> <span class='ocrx_word' id='word_1_109' title='bbox 490 2058 594 2125; x_wconf 90' lang='lat' dir='ltr'>nobis</span> <span class='ocrx_word' id='word_1_110' title='bbox 610 2059 768 2126; x_wconf 89' lang='lat' dir='ltr'>reddunt</span> <span class='ocrx_word' id='word_1_111' title='bbox 782 2079 925 2126; x_wconf 89' lang='lat' dir='ltr'>sensum</span> <span class='ocrx_word' id='word_1_112' title='bbox 942 2079 1050 2145; x_wconf 91' lang='lat' dir='ltr'>quem</span> <span class='ocrx_word' id='word_1_113' title='bbox 1065 2057 1121 2124; x_wconf 90' lang='lat' dir='ltr'>his</span> <span class='ocrx_word' id='word_1_114' title='bbox 1137 2054 1258 2124; x_wconf 84' lang='lat' dir='ltr'>verbis</span> <span class='ocrx_word' id='word_1_115' title='bbox 1271 2053 1388 2119; x_wconf 90' lang='lat' dir='ltr'>inesse</span> 
     </span>
     <span class='ocr_line' id='line_1_16' title="bbox 228 2163 1384 2258; baseline -0.003 -24"><span class='ocrx_word' id='word_1_116' title='bbox 228 2170 416 2258; x_wconf 88' lang='lat' dir='ltr'>agnoverit</span> <span class='ocrx_word' id='word_1_117' title='bbox 434 2169 641 2256; x_wconf 86' lang='lat' dir='ltr'>antiquitas,</span> <span class='ocrx_word' id='word_1_118' title='bbox 667 2169 881 2256; x_wconf 88' lang='lat' dir='ltr'>apostolicae</span> <span class='ocrx_word' id='word_1_119' title='bbox 893 2167 1098 2235; x_wconf 86' lang='lat' dir='ltr'>traditionis</span> <span class='ocrx_word' id='word_1_120' title='bbox 1114 2163 1232 2233; x_wconf 90' lang='lat' dir='ltr'>fidelis</span> <span class='ocrx_word' id='word_1_121' title='bbox 1251 2167 1384 2230; x_wconf 82' lang='lat' dir='ltr'>custos</span> 
     </span>
    </p>

    <p class='ocr_par' dir='ltr' id='par_1_3' title="bbox 226 2269 1430 3976">
     <span class='ocr_line' id='line_1_17' title="bbox 271 2269 1430 2368; baseline -0.004 -26"><span class='ocrx_word' id='word_1_122' title='bbox 271 2278 294 2365; x_wconf 87' lang='lat' dir='ltr'>c)</span> <span class='ocrx_word' id='word_1_123' title='bbox 318 2281 389 2345; x_wconf 90' lang='lat' dir='ltr'>Nec</span> <span class='ocrx_word' id='word_1_124' title='bbox 413 2278 527 2368; x_wconf 90' lang='lat' dir='ltr'>magis</span> <span class='ocrx_word' id='word_1_125' title='bbox 550 2278 674 2344; x_wconf 87' lang='lat' dir='ltr'>valent</span> <span class='ocrx_word' id='word_1_126' title='bbox 695 2277 978 2364; x_wconf 83' lang='lat' dir='ltr'>adprehendam</span> <span class='ocrx_word' id='word_1_127' title='bbox 1001 2273 1230 2343; x_wconf 89' lang='lat' dir='ltr'>Pontificiam</span> <span class='ocrx_word' id='word_1_128' title='bbox 1253 2269 1387 2338; x_wconf 83' lang='lat' dir='ltr'>infalli-</span> <span class='ocrx_word' id='word_1_129' title='bbox 1405 2287 1430 2334; x_wconf 60' lang='lat' dir='ltr'><strong>J</strong></span> 
     </span>
     <span class='ocr_line' id='line_1_18' title="bbox 226 2380 1386 2464; baseline -0.006 -13"><span class='ocrx_word' id='word_1_130' title='bbox 226 2385 404 2455; x_wconf 89' lang='lat' dir='ltr'>bilitatem</span> <span class='ocrx_word' id='word_1_131' title='bbox 428 2386 540 2454; x_wconf 85' lang='lat' dir='ltr'>verba</span> <span class='ocrx_word' id='word_1_132' title='bbox 555 2383 685 2453; x_wconf 83' lang='lat' dir='ltr'>Christi</span> <span class='ocrx_word' id='word_1_133' title='bbox 703 2383 749 2450; x_wconf 91' lang='lat' dir='ltr'>ad</span> <span class='ocrx_word' id='word_1_134' title='bbox 763 2386 929 2451; x_wconf 90' lang='lat' dir='ltr'>Petrum:</span> <span class='ocrx_word' id='word_1_135' title='bbox 950 2381 1109 2464; x_wconf 87' lang='lat' dir='ltr'>«Simon,</span> <span class='ocrx_word' id='word_1_136' title='bbox 1130 2380 1263 2461; x_wconf 89' lang='lat' dir='ltr'>Simon,</span> <span class='ocrx_word' id='word_1_137' title='bbox 1284 2380 1386 2445; x_wconf 88' lang='lat' dir='ltr'>Sata-</span> 
     </span>
     <span class='ocr_line' id='line_1_19' title="bbox 227 2491 1386 2583; baseline -0.003 -23"><span class='ocrx_word' id='word_1_138' title='bbox 227 2515 291 2561; x_wconf 90' lang='lat' dir='ltr'>nas</span> <span class='ocrx_word' id='word_1_139' title='bbox 315 2495 492 2583; x_wconf 79' lang='lat' dir='ltr'>expetivit</span> <span class='ocrx_word' id='word_1_140' title='bbox 511 2501 553 2563; x_wconf 86' lang='lat' dir='ltr'>ut</span> <span class='ocrx_word' id='word_1_141' title='bbox 576 2494 733 2562; x_wconf 89' lang='lat' dir='ltr'>cribaret</span> <span class='ocrx_word' id='word_1_142' title='bbox 754 2514 818 2562; x_wconf 82' lang='lat' dir='ltr'>vos</span> <span class='ocrx_word' id='word_1_143' title='bbox 843 2492 937 2560; x_wconf 90' lang='lat' dir='ltr'>sicut</span> <span class='ocrx_word' id='word_1_144' title='bbox 961 2491 1145 2572; x_wconf 87' lang='lat' dir='ltr'>triticum;</span> <span class='ocrx_word' id='word_1_145' title='bbox 1172 2511 1239 2578; x_wconf 90' lang='lat' dir='ltr'>ego</span> <span class='ocrx_word' id='word_1_146' title='bbox 1264 2495 1386 2557; x_wconf 88' lang='lat' dir='ltr'>autem</span> 
     </span>
     <span class='ocr_line' id='line_1_20' title="bbox 227 2601 1426 2693; baseline -0.003 -23"><span class='ocrx_word' id='word_1_147' title='bbox 227 2605 354 2693; x_wconf 87' lang='lat' dir='ltr'>rogavi</span> <span class='ocrx_word' id='word_1_148' title='bbox 376 2627 441 2693; x_wconf 92' lang='lat' dir='ltr'>pro</span> <span class='ocrx_word' id='word_1_149' title='bbox 464 2611 512 2685; x_wconf 87' lang='lat' dir='ltr'>te,</span> <span class='ocrx_word' id='word_1_150' title='bbox 539 2610 676 2672; x_wconf 88' lang='lat' dir='ltr'>utnon</span> <span class='ocrx_word' id='word_1_151' title='bbox 700 2603 845 2671; x_wconf 86' lang='lat' dir='ltr'>deficiat</span> <span class='ocrx_word' id='word_1_152' title='bbox 866 2601 955 2670; x_wconf 89' lang='lat' dir='ltr'>fides</span> <span class='ocrx_word' id='word_1_153' title='bbox 979 2607 1052 2669; x_wconf 91' lang='lat' dir='ltr'>tua.</span> <span class='ocrx_word' id='word_1_154' title='bbox 1079 2605 1131 2668; x_wconf 86' lang='lat' dir='ltr'>Tu</span> <span class='ocrx_word' id='word_1_155' title='bbox 1154 2606 1276 2668; x_wconf 88' lang='lat' dir='ltr'>autem</span> <span class='ocrx_word' id='word_1_156' title='bbox 1300 2621 1386 2668; x_wconf 87' lang='lat' dir='ltr'>con·</span> <span class='ocrx_word' id='word_1_157' title='bbox 1423 2613 1426 2619; x_wconf 87' lang='lat'>&#39;</span> 
     </span>
     <span class='ocr_line' id='line_1_21' title="bbox 228 2697 1387 2798; baseline -0.003 -20"><span class='ocrx_word' id='word_1_158' title='bbox 228 2731 363 2793; x_wconf 81' lang='lat' dir='ltr'>versus,</span> <span class='ocrx_word' id='word_1_159' title='bbox 386 2712 557 2779; x_wconf 86' lang='lat' dir='ltr'>confirma</span> <span class='ocrx_word' id='word_1_160' title='bbox 578 2713 704 2780; x_wconf 88' lang='lat' dir='ltr'>fratres</span> <span class='ocrx_word' id='word_1_161' title='bbox 726 2697 849 2780; x_wconf 84' lang='lat' dir='ltr'>tuos».</span> <span class='ocrx_word' id='word_1_162' title='bbox 876 2711 978 2798; x_wconf 82' lang='lat' dir='ltr'>(Luc.</span> <span class='ocrx_word' id='word_1_163' title='bbox 998 2714 1108 2778; x_wconf 90' lang='lat' dir='ltr'>XXII.</span> <span class='ocrx_word' id='word_1_164' title='bbox 1126 2713 1168 2778; x_wconf 93' lang='lat' dir='ltr'>II.</span> <span class='ocrx_word' id='word_1_165' title='bbox 1186 2711 1251 2797; x_wconf 74' lang='lat'>42.)</span> <span class='ocrx_word' id='word_1_166' title='bbox 1274 2712 1315 2776; x_wconf 93' lang='lat' dir='ltr'>In</span> <span class='ocrx_word' id='word_1_167' title='bbox 1330 2709 1387 2775; x_wconf 90' lang='lat' dir='ltr'>his</span> 
     </span>
     <span class='ocr_line' id='line_1_22' title="bbox 228 2820 1387 2910; baseline -0.003 -25"><span class='ocrx_word' id='word_1_168' title='bbox 228 2820 385 2906; x_wconf 87' lang='lat' dir='ltr'>palmare</span> <span class='ocrx_word' id='word_1_169' title='bbox 415 2820 667 2909; x_wconf 81' lang='lat' dir='ltr'>argumentum</span> <span class='ocrx_word' id='word_1_170' title='bbox 697 2822 858 2890; x_wconf 85' lang='lat' dir='ltr'>invenire</span> <span class='ocrx_word' id='word_1_171' title='bbox 882 2843 918 2890; x_wconf 90' lang='lat' dir='ltr'>se</span> <span class='ocrx_word' id='word_1_172' title='bbox 949 2827 1080 2910; x_wconf 88' lang='lat' dir='ltr'>putant</span> <span class='ocrx_word' id='word_1_173' title='bbox 1108 2820 1212 2888; x_wconf 87' lang='lat' dir='ltr'>istius</span> <span class='ocrx_word' id='word_1_174' title='bbox 1243 2823 1387 2886; x_wconf 90' lang='lat' dir='ltr'>senten-</span> 
     </span>
     <span class='ocr_line' id='line_1_23' title="bbox 227 2927 1387 3016; baseline -0.001 -22"><span class='ocrx_word' id='word_1_175' title='bbox 227 2927 299 2996; x_wconf 88' lang='lat' dir='ltr'>tiae</span> <span class='ocrx_word' id='word_1_176' title='bbox 323 2929 500 2996; x_wconf 86' lang='lat' dir='ltr'>advocati.</span> <span class='ocrx_word' id='word_1_177' title='bbox 527 2928 655 2997; x_wconf 87' lang='lat' dir='ltr'>Habita</span> <span class='ocrx_word' id='word_1_178' title='bbox 678 2934 798 2996; x_wconf 90' lang='lat' dir='ltr'>autem</span> <span class='ocrx_word' id='word_1_179' title='bbox 821 2930 959 2998; x_wconf 86' lang='lat' dir='ltr'>ratione</span> <span class='ocrx_word' id='word_1_180' title='bbox 989 2951 1110 2998; x_wconf 91' lang='lat' dir='ltr'>rerum</span> <span class='ocrx_word' id='word_1_181' title='bbox 1134 2929 1387 3016; x_wconf 83' lang='lat' dir='ltr'>adjunctorum</span> 
     </span>
     <span class='ocr_line' id='line_1_24' title="bbox 227 3035 1388 3126; baseline -0.003 -24"><span class='ocrx_word' id='word_1_182' title='bbox 227 3035 266 3104; x_wconf 91' lang='lat' dir='ltr'>in</span> <span class='ocrx_word' id='word_1_183' title='bbox 289 3036 420 3124; x_wconf 89' lang='lat' dir='ltr'>quibus</span> <span class='ocrx_word' id='word_1_184' title='bbox 443 3037 602 3104; x_wconf 90' lang='lat' dir='ltr'>Christus</span> <span class='ocrx_word' id='word_1_185' title='bbox 626 3056 667 3104; x_wconf 88' lang='lat' dir='ltr'>ea</span> <span class='ocrx_word' id='word_1_186' title='bbox 690 3037 851 3126; x_wconf 89' lang='lat' dir='ltr'>protulit,</span> <span class='ocrx_word' id='word_1_187' title='bbox 871 3043 907 3105; x_wconf 92' lang='lat' dir='ltr'>et</span> <span class='ocrx_word' id='word_1_188' title='bbox 929 3037 1124 3105; x_wconf 86' lang='lat' dir='ltr'>verborum</span> <span class='ocrx_word' id='word_1_189' title='bbox 1147 3055 1238 3122; x_wconf 87' lang='lat' dir='ltr'>quae</span> <span class='ocrx_word' id='word_1_190' title='bbox 1263 3039 1388 3123; x_wconf 84' lang='lat' dir='ltr'>postea</span> 
     </span>
     <span class='ocr_line' id='line_1_25' title="bbox 227 3143 1383 3236; baseline -0.002 -24"><span class='ocrx_word' id='word_1_191' title='bbox 227 3144 274 3212; x_wconf 89' lang='lat' dir='ltr'>ad</span> <span class='ocrx_word' id='word_1_192' title='bbox 296 3167 418 3214; x_wconf 90' lang='lat' dir='ltr'>omnes</span> <span class='ocrx_word' id='word_1_193' title='bbox 441 3147 619 3236; x_wconf 88' lang='lat' dir='ltr'>apostolos</span> <span class='ocrx_word' id='word_1_194' title='bbox 643 3146 786 3228; x_wconf 84' lang='lat' dir='ltr'>direxit,</span> <span class='ocrx_word' id='word_1_195' title='bbox 805 3167 883 3220; x_wconf 63' lang='lat' dir='ltr'>non,</span> <span class='ocrx_word' id='word_1_196' title='bbox 900 3146 1046 3216; x_wconf 85' lang='lat' dir='ltr'>videtur</span> <span class='ocrx_word' id='word_1_197' title='bbox 1069 3165 1201 3212; x_wconf 90' lang='lat' dir='ltr'>munus</span> <span class='ocrx_word' id='word_1_198' title='bbox 1224 3143 1383 3231; x_wconf 90' lang='lat' dir='ltr'>aliquod,</span> 
     </span>
     <span class='ocr_line' id='line_1_26' title="bbox 227 3251 1387 3344; baseline -0.002 -24"><span class='ocrx_word' id='word_1_199' title='bbox 227 3254 273 3320; x_wconf 89' lang='lat' dir='ltr'>ad</span> <span class='ocrx_word' id='word_1_200' title='bbox 288 3255 464 3322; x_wconf 86' lang='lat' dir='ltr'>Ecclesiae</span> <span class='ocrx_word' id='word_1_201' title='bbox 488 3255 651 3344; x_wconf 90' lang='lat' dir='ltr'>regimen</span> <span class='ocrx_word' id='word_1_202' title='bbox 667 3255 863 3344; x_wconf 69' lang='lat' dir='ltr'>pertinens</span> <span class='ocrx_word' id='word_1_203' title='bbox 880 3259 969 3322; x_wconf 88' lang='lat' dir='ltr'>tunc</span> <span class='ocrx_word' id='word_1_204' title='bbox 983 3256 1089 3321; x_wconf 91' lang='lat' dir='ltr'>Petro</span> <span class='ocrx_word' id='word_1_205' title='bbox 1105 3254 1276 3322; x_wconf 91' lang='lat' dir='ltr'>collatum</span> <span class='ocrx_word' id='word_1_206' title='bbox 1300 3251 1387 3318; x_wconf 86' lang='lat' dir='ltr'>fuis-</span> 
     </span>
     <span class='ocr_line' id='line_1_27' title="bbox 227 3361 1386 3450; baseline -0.002 -20"><span class='ocrx_word' id='word_1_207' title='bbox 227 3383 277 3445; x_wconf 88' lang='lat' dir='ltr'>se;</span> <span class='ocrx_word' id='word_1_208' title='bbox 303 3365 416 3432; x_wconf 91' lang='lat' dir='ltr'>multo</span> <span class='ocrx_word' id='word_1_209' title='bbox 441 3365 560 3431; x_wconf 91' lang='lat' dir='ltr'>minus</span> <span class='ocrx_word' id='word_1_210' title='bbox 576 3364 792 3432; x_wconf 84' lang='lat' dir='ltr'>inerrantiae</span> <span class='ocrx_word' id='word_1_211' title='bbox 808 3364 942 3431; x_wconf 92' lang='lat' dir='ltr'>donum</span> <span class='ocrx_word' id='word_1_212' title='bbox 966 3363 1000 3430; x_wconf 92' lang='lat' dir='ltr'>ei</span> <span class='ocrx_word' id='word_1_213' title='bbox 1016 3361 1072 3430; x_wconf 91' lang='lat' dir='ltr'>his</span> <span class='ocrx_word' id='word_1_214' title='bbox 1088 3363 1208 3430; x_wconf 86' lang='lat' dir='ltr'>verbis</span> <span class='ocrx_word' id='word_1_215' title='bbox 1232 3361 1386 3450; x_wconf 88' lang='lat' dir='ltr'>promis-</span> 
     </span>
     <span class='ocr_line' id='line_1_28' title="bbox 227 3469 1385 3564; baseline -0.002 -26"><span class='ocrx_word' id='word_1_216' title='bbox 227 3493 318 3564; x_wconf 74' lang='lat' dir='ltr'>sum,</span> <span class='ocrx_word' id='word_1_217' title='bbox 335 3472 512 3540; x_wconf 91' lang='lat' dir='ltr'>Monitum</span> <span class='ocrx_word' id='word_1_218' title='bbox 525 3473 672 3560; x_wconf 90' lang='lat' dir='ltr'>quidem</span> <span class='ocrx_word' id='word_1_219' title='bbox 693 3473 890 3555; x_wconf 91' lang='lat' dir='ltr'>continent,</span> <span class='ocrx_word' id='word_1_220' title='bbox 906 3472 1035 3559; x_wconf 91' lang='lat' dir='ltr'>quoad</span> <span class='ocrx_word' id='word_1_221' title='bbox 1051 3471 1243 3539; x_wconf 92' lang='lat' dir='ltr'>imminens</span> <span class='ocrx_word' id='word_1_222' title='bbox 1258 3469 1385 3537; x_wconf 91' lang='lat' dir='ltr'>discri-</span> 
     </span>
     <span class='ocr_line' id='line_1_29' title="bbox 227 3579 1386 3670; baseline 0.001 -25"><span class='ocrx_word' id='word_1_223' title='bbox 227 3601 322 3663; x_wconf 90' lang='lat' dir='ltr'>men,</span> <span class='ocrx_word' id='word_1_224' title='bbox 349 3583 407 3649; x_wconf 90' lang='lat' dir='ltr'>cui</span> <span class='ocrx_word' id='word_1_225' title='bbox 430 3583 654 3670; x_wconf 85' lang='lat' dir='ltr'>objiciendus</span> <span class='ocrx_word' id='word_1_226' title='bbox 677 3588 781 3666; x_wconf 87' lang='lat' dir='ltr'>esset,</span> <span class='ocrx_word' id='word_1_227' title='bbox 808 3581 1070 3670; x_wconf 88' lang='lat' dir='ltr'>superandum,</span> <span class='ocrx_word' id='word_1_228' title='bbox 1097 3584 1159 3647; x_wconf 88' lang='lat' dir='ltr'>aut</span> <span class='ocrx_word' id='word_1_229' title='bbox 1182 3579 1302 3669; x_wconf 88' lang='lat' dir='ltr'>potius</span> <span class='ocrx_word' id='word_1_230' title='bbox 1326 3599 1386 3647; x_wconf 86' lang='lat' dir='ltr'>ca-</span> 
     </span>
     <span class='ocr_line' id='line_1_30' title="bbox 228 3686 1386 3775; baseline 0.002 -23"><span class='ocrx_word' id='word_1_231' title='bbox 228 3688 400 3772; x_wconf 85' lang='lat' dir='ltr'>vendum,</span> <span class='ocrx_word' id='word_1_232' title='bbox 417 3690 579 3758; x_wconf 88' lang='lat' dir='ltr'>hortatus</span> <span class='ocrx_word' id='word_1_233' title='bbox 605 3695 659 3759; x_wconf 87' lang='lat' dir='ltr'>est</span> <span class='ocrx_word' id='word_1_234' title='bbox 686 3710 769 3757; x_wconf 91' lang='lat' dir='ltr'>eum</span> <span class='ocrx_word' id='word_1_235' title='bbox 784 3688 962 3770; x_wconf 88' lang='lat' dir='ltr'>Christus;</span> <span class='ocrx_word' id='word_1_236' title='bbox 988 3688 1165 3775; x_wconf 91' lang='lat' dir='ltr'>simulque</span> <span class='ocrx_word' id='word_1_237' title='bbox 1189 3686 1386 3754; x_wconf 75' lang='lat' dir='ltr'>intimatio</span> 
     </span>
     <span class='ocr_line' id='line_1_31' title="bbox 228 3796 1385 3889; baseline 0.002 -28"><span class='ocrx_word' id='word_1_238' title='bbox 228 3813 323 3876; x_wconf 93' lang='lat' dir='ltr'>nem,</span> <span class='ocrx_word' id='word_1_239' title='bbox 337 3816 418 3863; x_wconf 92' lang='lat' dir='ltr'>eum</span> <span class='ocrx_word' id='word_1_240' title='bbox 428 3805 509 3886; x_wconf 89' lang='lat' dir='ltr'>post</span> <span class='ocrx_word' id='word_1_241' title='bbox 520 3800 661 3889; x_wconf 92' lang='lat' dir='ltr'>lapsum</span> <span class='ocrx_word' id='word_1_242' title='bbox 679 3819 890 3868; x_wconf 88' lang='lat' dir='ltr'>conversum</span> <span class='ocrx_word' id='word_1_243' title='bbox 905 3799 963 3882; x_wconf 88' lang='lat' dir='ltr'>iri,</span> <span class='ocrx_word' id='word_1_244' title='bbox 981 3803 1017 3866; x_wconf 90' lang='lat' dir='ltr'>et</span> <span class='ocrx_word' id='word_1_245' title='bbox 1031 3804 1189 3868; x_wconf 89' lang='lat' dir='ltr'>caeteros</span> <span class='ocrx_word' id='word_1_246' title='bbox 1207 3796 1385 3886; x_wconf 83' lang='lat' dir='ltr'>apostolos</span> 
     </span>
     <span class='ocr_line' id='line_1_32' title="bbox 228 3905 534 3976; baseline 0.013 -4"><span class='ocrx_word' id='word_1_247' title='bbox 228 3905 534 3976; x_wconf 90' lang='lat' dir='ltr'>confirmaturum.</span> 
     </span>
    </p>

    <p class='ocr_par' dir='ltr' id='par_1_4' title="bbox 226 4015 1386 4331">
     <span class='ocr_line' id='line_1_33' title="bbox 270 4015 1386 4110; baseline -0.004 -25"><span class='ocrx_word' id='word_1_248' title='bbox 270 4017 427 4107; x_wconf 86' lang='lat' dir='ltr'>Rogavit</span> <span class='ocrx_word' id='word_1_249' title='bbox 449 4019 561 4109; x_wconf 89' lang='lat' dir='ltr'>igitur</span> <span class='ocrx_word' id='word_1_250' title='bbox 582 4021 741 4089; x_wconf 87' lang='lat' dir='ltr'>Christus</span> <span class='ocrx_word' id='word_1_251' title='bbox 764 4042 829 4110; x_wconf 93' lang='lat' dir='ltr'>pro</span> <span class='ocrx_word' id='word_1_252' title='bbox 840 4024 958 4103; x_wconf 91' lang='lat' dir='ltr'>Petro,</span> <span class='ocrx_word' id='word_1_253' title='bbox 973 4019 1048 4107; x_wconf 93' lang='lat' dir='ltr'>qui,</span> <span class='ocrx_word' id='word_1_254' title='bbox 1063 4026 1105 4088; x_wconf 89' lang='lat' dir='ltr'>ut</span> <span class='ocrx_word' id='word_1_255' title='bbox 1127 4038 1213 4108; x_wconf 87' lang='lat' dir='ltr'>prae</span> <span class='ocrx_word' id='word_1_256' title='bbox 1237 4015 1386 4084; x_wconf 90' lang='lat' dir='ltr'>caeteris</span> 
     </span>
     <span class='ocr_line' id='line_1_34' title="bbox 227 4125 1384 4220; baseline -0.003 -26"><span class='ocrx_word' id='word_1_257' title='bbox 227 4128 397 4216; x_wconf 87' lang='lat' dir='ltr'>apostolis</span> <span class='ocrx_word' id='word_1_258' title='bbox 421 4150 569 4198; x_wconf 89' lang='lat' dir='ltr'>munere</span> <span class='ocrx_word' id='word_1_259' title='bbox 584 4130 885 4220; x_wconf 87' lang='lat' dir='ltr'>distinguebatur,</span> <span class='ocrx_word' id='word_1_260' title='bbox 911 4129 1164 4218; x_wconf 87' lang='lat' dir='ltr'>praecaeteris</span> <span class='ocrx_word' id='word_1_261' title='bbox 1189 4127 1299 4196; x_wconf 89' lang='lat' dir='ltr'>etiam</span> <span class='ocrx_word' id='word_1_262' title='bbox 1314 4125 1384 4192; x_wconf 89' lang='lat' dir='ltr'>cri-</span> 
     </span>
     <span class='ocr_line' id='line_1_35' title="bbox 226 4237 1385 4331; baseline 0.003 -28"><span class='ocrx_word' id='word_1_263' title='bbox 226 4237 400 4307; x_wconf 88' lang='lat' dir='ltr'>bandusa</span> <span class='ocrx_word' id='word_1_264' title='bbox 416 4242 546 4322; x_wconf 81' lang='lat' dir='ltr'>Satana</span> <span class='ocrx_word' id='word_1_265' title='bbox 558 4241 761 4329; x_wconf 89' lang='lat' dir='ltr'>petebatur,</span> <span class='ocrx_word' id='word_1_266' title='bbox 781 4247 817 4311; x_wconf 89' lang='lat' dir='ltr'>et</span> <span class='ocrx_word' id='word_1_267' title='bbox 832 4261 917 4331; x_wconf 88' lang='lat' dir='ltr'>prae</span> <span class='ocrx_word' id='word_1_268' title='bbox 939 4241 1089 4310; x_wconf 88' lang='lat' dir='ltr'>caeteris</span> <span class='ocrx_word' id='word_1_269' title='bbox 1112 4240 1317 4311; x_wconf 85' lang='lat' dir='ltr'>defecturus</span> <span class='ocrx_word' id='word_1_270' title='bbox 1336 4241 1385 4306; x_wconf 83' lang='lat' dir='ltr'>et-</span> 
     </span>
    </p>
   </div>
   <div class='ocr_carea' id='block_1_3' title="bbox 0 0 1742 5232">
    <p class='ocr_par' dir='ltr' id='par_1_5' title="bbox 0 0 1742 5232">
     <span class='ocr_line' id='line_1_36' title="bbox 0 0 1742 5232; baseline 0 0"><span class='ocrx_word' id='word_1_271' title='bbox 0 0 1742 5232; x_wconf 95' lang='lat' dir='ltr'> </span> 
     </span>
    </p>
   </div>
  </div>
 </body>
</html>
